3170 5128
196 198 273 278 278
334 213 471 268 onmem
489 224 536 268 zur
553 213 715 277 summum
732 211 897 266 ormense
914 223 973 266 vem
994 212 1033 266 rs.
1051 211 1197 266 nonnae
1216 213 1289 267 roco.

196 398 330 468 assiduis
351 398 433 466 curis
456 400 489 464 et
510 397 623 466 studiis
643 400 709 483 ipse
724 399 894 466 catholicae
908 394 1067 486 religionis
1084 401 1163 466 bono
1184 400 1378 484 utilitatique
1399 401 1439 466 in

196 504 379 570 Russiarum
403 503 548 587 imperio,
578 505 610 568 et
636 503 782 568 Poloniae
806 522 901 589 regne
927 504 1098 586 prospicem
1123 523 1183 570 non
1212 505 1438 572 intermiserat.

197 609 283 690 Quae
298 607 423 691 quidem
448 606 592 672 solemnis
618 607 744 692 augusti
757 607 866 674 Nostri
882 607 1059 674 Decessoris
1084 607 1251 674 declaratio
1277 608 1440 674 debuisset

198 732 233 778 ex
254 711 385 777 istorum
406 710 545 777 fidelium
568 709 677 774 animis
699 711 790 794 plane
812 711 942 776 evellere
957 729 1078 776 omnem
1102 711 1245 806 dubiam,
1268 710 1440 797 injustam-

197 835 256 900 que
281 815 319 882 de
346 813 405 901 bac
431 811 462 878 S.
488 810 567 878 Sede
589 811 779 894 opinionem,
809 831 845 879 ac
874 813 951 880 satis
974 832 1123 898 superque
1150 816 1277 898 probare
1299 817 1441 900 quantae

198 936 305 998 curae,
337 916 530 1000 quantaeque
555 915 759 982 sollicitudini
785 916 886 982 eidem
908 915 981 982 Sedi
997 910 1130 1011 *semper
1153 917 1249 984 fucrit
1273 919 1441 1002 spirituale

198 1020 335 1089 omnium
349 1017 488 1084 fidelium
512 1017 545 1082 in
560 1013 743 1086 Ru'ssiarum
765 1019 894 1103 imperio
912 1021 945 1086 et
966 1019 1112 1086 Polcniae
1136 1039 1232 1106 regno
1257 1022 1442 1106 degentium

198 1127 324 1199 bonum.
370 1121 430 1188 Sed
451 1121 502 1188 vix
516 1121 624 1204 paucis
638 1123 750 1205 elapsis
765 1124 863 1211 annis,
885 1120 981 1189 iidem
995 1123 1135 1190 hemines
1156 1124 1350 1208 proficientes
1367 1127 1443 1190 tum

199 1225 447 1303 hffieutetbus,
463 1242 541 1308 quae
555 1223 687 1290 liberam
708 1225 839 1292 istorum
853 1227 992 1292 fidelium
1007 1245 1078 1292 cum
1091 1227 1151 1293 hac
1167 1227 1344 1312 Apostolica
1358 1227 1443 1294 Sede

203 1327 512 1398 communicationem
533 1326 717 1409 impediunt,
740 1330 809 1394 tum
823 1329 1017 1396 lamentabili
1038 1348 1121 1409 sane,
1143 1330 1176 1395 in
1193 1349 1255 1414 qna
1268 1349 1442 1411 versamur,

201 1433 385 1510 conditione,
407 1429 548 1496 eamdem
570 1430 681 1496 falsam
695 1431 905 1516 injustamque
926 1433 1098 1516 opinionem
1117 1434 1217 1500 denuo
1240 1435 1383 1515 excitare,
1406 1437 1444 1502 et

201 1538 271 1604 istis
297 1535 440 1602 fidelibus
464 1533 620 1600 insinuare
644 1553 706 1600 non
729 1535 911 1601 timuerunt.
956 1537 1075 1620 Itaque,
1100 1537 1295 1604 Venerabilis
1317 1538 1443 1619 Frater,

201 1642 326 1724 tempus
340 1637 459 1704 venisse
474 1637 695 1718 adsumamus,
712 1657 771 1720 quo
785 1639 949 1706 veritatem
963 1638 1026 1702 illis
1041 1639 1183 1706 omnibus
1196 1639 1445 1722 manifestemus,

205 1745 258 1830 qui
271 1741 359 1808 falsis
373 1741 548 1808 rumoribus
563 1741 718 1821 scilludi,
741 1742 851 1826 decipi,
873 1743 905 1807 et
926 1742 959 1808 in
981 1761 1114 1808 errorem
1139 1742 1243 1809 induci
1267 1743 1444 1827 patiuntur,

204 1867 240 1914 ac
255 1846 349 1918 simul
364 1845 428 1910 illis
450 1845 569 1910 larvam
590 1835 760 1924 demamus,
783 1845 836 1928 qni
854 1843 1008 1909 mendacii
1027 1844 1205 1929 fraudisque
1226 1846 1321 1929 pallio
1342 1847 1446 1930 operti

205 1950 398 2017 contendunt
419 1947 548 2013 suadere
571 1947 729 2030 (horribile
744 1947 858 2029 dictat)
881 1947 961 2012 hanc
975 1947 1186 2030 Apostolioam
1207 1947 1318 2016 Sedem
1339 1952 1446 2037 magis

204 2071 311 2119 curare
326 2051 504 2135 temporalis
520 2050 806 2131 commuratione,
829 2069 922 2134 quam
939 2051 1133 2134 spiritualem
1155 2053 1339 2137 populorum
1357 2055 1446 2121 salu·

202 2159 275 2222 tem.
319 2156 428 2238 Neque
440 2155 507 2238 jam
521 2153 619 2220 Nobis
633 2173 720 2220 mens
736 2156 785 2220 est
807 2154 1013 2220 enumerando
1028 2173 1205 2245 percensere
1223 2176 1329 2224 omnes
1351 2177 1444 2225 curas

202 2278 221 2324 a
247 2257 344 2324 Nobis
370 2275 425 2341 pro
450 2276 483 2322 re
510 2255 662 2322 catholica
690 2257 724 2322 in
748 2257 931 2323 Russiarum
962 2257 1092 2342 imperio
1117 2261 1150 2325 et
1174 2261 1322 2328 Poloniae
1346 2281 1443 2348 regno

203 2361 319 2427 tuenda
340 2361 508 2443 susceptos.
554 2358 868 2426 Commemorabimus
889 2360 1013 2425 tantum
1033 2360 1133 2426 Nobis
1157 2363 1207 2429 vel
1233 2365 1272 2430 ab
1298 2365 1364 2448 ipso
1390 2385 1445 2431 su·

203 2465 302 2549 premi
332 2464 441 2530 Nostri
467 2461 671 2528 Pontificatus
698 2462 788 2528 initio
814 2461 916 2528 omnia
942 2462 1119 2529 adhibuisse
1147 2465 1264 2546 studia,
1298 2469 1336 2532 ut
1363 2487 1444 2552 quae

182 2571 186 2590 ³
204 2569 321 2634 illustri
335 2568 450 2633 Nostro
465 2565 697 2632 Praedeoessori
711 2565 874 2631 detunctus
883 2567 1065 2632 Russiarum
1080 2567 1247 2652 imperator
1257 2570 1404 2637 Nicotaus
1416 2572 1443 2637 I.

205 2674 321 2738 Romae
343 2689 533 2737 commorans
554 2670 683 2736 solemni
704 2669 794 2736 medo
816 2670 1008 2754 promiserat,
1031 2672 1445 2758 optatum„salutaremque

207 2775 421 2858 assequeretur
444 2774 568 2840 exitum
612 2773 716 2858 Atque
741 2773 802 2838 huc
823 2775 1005 2857 praesertim
1030 2777 1217 2858 spectarunt
1236 2779 1445 2846 communica-

204 2879 304 2944 tiones
318 2879 433 2944 Nostro
451 2877 541 2962 jussu
562 2877 715 2962 imperiali
736 2877 881 2962 regioque
895 2871 1088 2944 Administro
1103 2879 1154 2944 hic
1172 2879 1206 2944 in
1220 2881 1295 2947 urbe
1310 2883 1445 2948 moranti

204 2983 305 3048 tectae
332 3001 366 3048 ee
392 2983 530 3064 tempore
553 2999 612 3063 quo
633 2980 796 3046 incohatae
819 2980 1021 3046 tractationes
1047 2982 1087 3046 ad
1109 2983 1340 3050 conventionem
1360 2985 1445 3050 inter

204 3086 285 3151 hanc
299 3084 510 3170 Apostolicam
526 3082 647 3162 Sedem,
670 3103 706 3149 ac
727 3084 897 3168 imperiale,
919 3084 1102 3170 regiumque
1122 3087 1307 3152 Russiamm
1329 3087 1445 3172 guber-

205 3189 292 3254 nium
315 3185 534 3253 conficiendam
548 3187 645 3252 Nobis
669 3186 812 3252 eximiam
827 3205 913 3270 spem
927 3187 1118 3272 injiciebant,
1140 3190 1205 3256 fore
1220 3191 1256 3254 ut
1272 3191 1443 3256 catholicae

204 3293 361 3359 Ecclesiae
383 3311 432 3356 res
455 3290 488 3355 in
511 3291 617 3356 eodem
631 3289 815 3355 Russiarum
827 3290 956 3374 imperio
971 3291 1176 3374 Poloniaeque
1191 3311 1285 3377 regno
1300 3293 1443 3376 aliquan-

205 3399 273 3461 tum
304 3393 443 3476 componi
470 3394 604 3475 possent.
658 3390 743 3471 Quae
768 3392 892 3476 quidem
921 3394 1210 3460 communicationes
1238 3395 1443 3480 respiciebant
1564 3439 1565 3472 ,

205 3496 400 3581 potissimum
422 3497 491 3560 tum
513 3495 656 3578 poenales
670 3495 754 3580 leges
770 3495 867 3561 denuo
883 3497 1079 3563 confirmatas
1094 3499 1127 3562 ct
1149 3498 1304 3585 grammat
1318 3499 1443 3564 effectas

205 3600 311 3665 centra
337 3599 424 3678 illos,
456 3599 509 3682 qui
535 3599 758 3682 greco-russica
782 3599 930 3684 religione
956 3601 1066 3666 relicta
1094 3601 1210 3667 vehent
1239 3601 1442 3668 catholicam,

205 3701 415 3784 apostolicam
431 3703 462 3766 et
476 3703 648 3767 Romanam
662 3702 844 3788 religionem
859 3705 1007 3788 amplecti
1029 3723 1064 3770 ac
1078 3705 1225 3789 profiteri,
1251 3706 1320 3770 tum
1342 3705 1443 3792 jusio-

205 3804 335 3868 randam
357 3804 517 3870 catholicis
544 3806 732 3890 presbyteris
756 3807 989 3890 praescriptum,
1012 3808 1080 3872 turn
1099 3809 1217 3893 aliquos
1239 3809 1344 3891 legum
1367 3808 1443 3872 arti-

156 3959 161 3962 .
205 3906 300 3984 culos,
323 3906 375 3990 qui
398 3907 437 3972 ad
451 3896 684 3975 matrimonium
700 3911 849 3993 spectant.
894 3911 936 3976 Et
951 3911 1097 3994 quoniam
1112 3911 1149 3976 de
1167 3911 1252 3975 hisce
1277 3910 1369 3974 rebus
1393 3929 1443 3974 re-

204 4008 373 4074 clamatum
387 4009 498 4091 suerat,
520 4011 631 4077 iccirco
647 4013 897 4097 efflagitavimus,
920 4015 956 4079 ut
971 4013 1009 4080 de
1032 4014 1158 4093 eisdam,
1181 4013 1310 4092 aliisque
1329 4011 1442 4077 summi

204 4113 353 4179 momenti
373 4115 564 4197 argumentis
586 4117 665 4182 serio
688 4117 833 4201 ageretur
854 4117 889 4182 in
910 4116 1133 4202 congressibus,
1156 4117 1210 4198 qui
1229 4115 1305 4178 tunc
1327 4113 1442 4199 incepti

205 4215 303 4294 erant,
325 4217 362 4280 ut
381 4215 525 4298 religiosa
546 4217 579 4282 in
601 4219 717 4284 russice
739 4219 866 4302 imperio
890 4220 922 4284 et
935 4217 1075 4302 poloniae
1096 4235 1191 4301 regno
1220 4217 1347 4303 negotia
1375 4221 1441 4287 ste-

204 4317 261 4384 bili
282 4317 373 4383 modo
386 4321 511 4402 possent
527 4321 676 4403 componi.
721 4321 846 4404 Optime
868 4323 973 4388 autem
995 4321 1105 4402 noscis,
1125 4321 1318 4389 Venerabilis
1332 4324 1442 4391 Frater

205 4420 437 4488 mercationem
451 4421 501 4488 die
514 4424 545 4489 3.
560 4423 699 4508 Augusti
713 4443 792 4490 enno
810 4425 891 4491 1847
908 4424 1028 4490 facturn
1041 4424 1145 4493 mbae.
1185 4425 1263 4493 Cum
1278 4445 1349 4495 vero
1365 4428 1441 4494 haee

204 4524 364 4592 moecho
378 4527 504 4595 minime
527 4527 692 4614 complecti
715 4530 853 4615 potuerit
878 4549 916 4598 ea
939 4531 1054 4614 omnia,
1080 4550 1159 4618 qnae
1172 4531 1238 4600 llos
1260 4531 1302 4599 ad
1315 4549 1441 4610 eramen
