3170 5128
194 261 348 326 &shadai
363 287 414 327 ren
432 273 550 328 aarum
568 277 610 330 ³⁰.
628 278 740 332 octobm
760 277 826 331 ¹85²
844 289 878 330 an
896 275 947 330 den
966 279 1079 332 Minister
1096 279 1144 332 des
1163 279 1264 332 lunera.
1295 247 1367 340 109

18 467 19 508 l
126 459 377 528 emendationem
399 464 448 528 sui
469 465 625 530 insinuare
647 467 773 532 nititur:
797 483 975 548 semperque
998 467 1031 530 in
1044 467 1156 549 spiritu
1178 467 1368 548 sanctitatis,

126 564 272 629 leuitatis
293 567 326 630 et
343 565 452 649 plenae
475 569 689 634 submissionis
711 570 931 654 potestatibus,
954 588 1041 653 quae,
1066 571 1101 634 ut
1124 571 1213 636 docet
1231 573 1370 639 Ecclesia

127 668 294 746 catholiea,
315 670 355 734 ab
380 671 446 753 ipso
471 671 537 736 Deo
559 672 696 736 ueniunt.
745 672 870 750 Paucis,
899 673 1045 737 continno
1068 672 1264 739 inculcantur
1291 677 1371 742 talia

126 771 291 854 principia,
314 791 444 856 qnorum
469 775 614 839 accurata
639 775 672 838 in
697 775 755 839 hac
782 775 848 839 rita
873 775 1054 858 adimpletio
1079 777 1190 840 sternit
1217 778 1300 843 siam
1329 779 1370 844 ad

127 875 266 942 salutum
280 877 439 960 aeternam
452 877 662 943 obtinendam.
707 877 815 944 Omnis
829 879 984 961 parochia,
1007 881 1040 944 et
1061 880 1126 945 lere
1140 880 1240 962 quiris
1259 900 1369 965 pagus,

18 1019 20 1074 ξ
127 979 285 1066 quaedam
305 981 367 1046 sibi
388 982 556 1064 peculiaria
577 985 644 1047 tam
665 982 698 1046 iu
712 982 823 1046 morali
837 1001 931 1065 qnam
953 983 1107 1048 materiali
1128 984 1234 1049 ordine
1256 985 1369 1051 habet:

18 1083 19 1096 ¹
127 1085 309 1170 spirituales
323 1087 357 1150 et
370 1085 516 1170 physicae
530 1086 722 1170 indigentiae
737 1087 882 1152 conhuno
897 1089 1075 1164 mutantur;
1098 1088 1214 1172 gradus
1228 1091 1369 1158 culturae

127 1189 277 1256 attolitur
293 1189 341 1254 rel
363 1189 537 1270 descendit;
560 1209 680 1255 morum
694 1191 860 1274 integritas
875 1191 985 1255 mehor
998 1191 1148 1270 redditur,
1172 1195 1227 1257 aut
1246 1197 1370 1262 mantra

125 1293 304 1360 inveterata
325 1294 403 1358 vitia
417 1295 590 1374 senescunt,
615 1295 663 1359 rel
683 1313 763 1359 nova
784 1296 948 1377 apparent3
971 1295 1067 1360 taleae
1090 1298 1122 1360 et
1141 1297 1249 1362 nomae
1271 1299 1369 1380 ideae,

126 1396 362 1482 propassiones,
389 1399 550 1464 molimina
571 1399 763 1463 inseruntur:
792 1414 938 1482 prospera
960 1417 1064 1464 rernm
1087 1400 1222 1465 conditio
1243 1423 1370 1489 progre-

127 1501 225 1580 ditur,
248 1500 300 1567 sel
314 1502 437 1567 omnino
451 1503 484 1567 in
497 1503 620 1568 ruinam
635 1503 817 1586 propendet:
840 1503 971 1588 denique
992 1504 1171 1587 parochiani
1185 1509 1270 1574 vario
1286 1509 1371 1575 cala·

127 1607 279 1672 mitatem
312 1627 440 1691 genere,
473 1609 633 1676 mortifera
664 1611 831 1693 epidemla,
872 1612 971 1690 fame,
1004 1613 1205 1679 inundatione
1239 1613 1370 1698 aliisque

129 1711 308 1776 visitantur.
352 1711 499 1779 Sacerdos
521 1716 663 1780 aeternae
685 1715 827 1779 sedetis
842 1735 999 1799 organum,
1023 1710 1219 1782 haecomnia
1237 1717 1370 1783 sollicite

135 1816 331 1900 investigans,
353 1836 425 1882 cnm
439 1819 612 1902 opportuna
627 1819 767 1884 doctrina
781 1820 814 1882 in
830 1820 913 1884 omni
928 1820 988 1885 isto
1012 1839 1085 1885 casn
1106 1823 1229 1906 praesto
1253 1823 1311 1899 est,
1333 1823 1370 1885 nt

130 1939 325 1986 communem
340 1922 492 1987 senhendi
514 1923 733 2006 cogitandique
754 1924 906 1988 rationem
925 1924 966 1988 ad
987 1925 1116 1990 immota
1138 1925 1256 1990 aeterni
1277 1923 1372 2012 Verbi

127 2023 281 2109 principia
306 2025 432 2110 dirigat
477 2026 726 2092 commendando
754 2047 874 2092 morum
899 2028 1103 2111 probitatem,
1133 2029 1316 2096 modestiam
1339 2030 1372 2093 et

126 2129 368 2213 temperantiam
382 2130 416 2194 iu
430 2131 644 2213 prosperitate,
668 2133 968 2216 resignationemque
991 2133 1024 2198 in
1042 2133 1101 2199 Dei
1123 2135 1317 2200 voluntatem
1338 2131 1372 2196 in

126 2237 211 2298 sorte
235 2233 381 2312 adversa,
403 2233 605 2318 vituperando
627 2237 660 2299 et
680 2236 876 2320 indigitanda
905 2237 984 2301 vitia
1009 2237 1254 2320 perniciosasque
1275 2235 1371 2314 ideas,

127 2337 315 2404 eradicando
336 2339 426 2404 noxia
447 2339 647 2423 praejudicia,
670 2344 712 2419 et,
735 2343 771 2405 ut
785 2343 893 2423 paucis
912 2341 1023 2419 dicam,
1047 2341 1228 2425 applicando
1250 2359 1372 2405 omnem

127 2445 277 2508 eventum
292 2445 324 2513 et
338 2463 442 2508 rernm
458 2444 664 2510 conditionem
680 2445 719 2510 ad
735 2447 861 2510 aeterua
875 2445 931 2510 illa
946 2447 977 2510 et
992 2443 1200 2510 immutabilia
1221 2444 1372 2528 principia

126 2546 202 2612 fidei
229 2548 365 2628 saneim,
388 2549 530 2614 sacerdos
555 2551 603 2614 est
628 2549 788 2628 sollicitus,
812 2550 932 2615 activus
959 2569 995 2615 ac
1021 2567 1091 2615 vere
1117 2549 1205 2614 utilis
1231 2548 1372 2613 minister

127 2651 199 2730 Dei,
224 2652 256 2716 et
271 2651 347 2734 ejus,
370 2671 450 2735 quae
465 2653 503 2718 ab
520 2671 555 2718 eo
569 2654 601 2718 io
618 2654 676 2719 hac
697 2655 781 2720 terra
803 2655 896 2733 venit,
920 2655 1093 2738 potestatis.
1139 2653 1217 2718 'iam
1239 2652 1372 2716 salubris

128 2755 194 2820 vivi
208 2754 304 2820 Verbi
317 2755 451 2822 influxus
465 2758 569 2840 potest
584 2777 622 2822 ue
638 2777 709 2822 cum
730 2759 850 2823 lectura
865 2777 1040 2823 sermonum
1055 2757 1139 2843 typis
1153 2757 1370 2822 mandatorum

128 2851 340 2924 commutari?
382 2861 475 2925 liber
500 2861 679 2927 concionum
704 2863 753 2926 est
778 2881 853 2945 opas
875 2865 1048 2941 mortuum,
1078 2881 1176 2946 neque
1200 2862 1296 2927 etiam
1317 2879 1371 2928 ne·

129 2963 328 3028 caecitatibus
344 2962 557 3048 spiritualibus
573 2968 672 3032 omnis
687 2967 756 3032 acri
777 2969 810 3032 ct
824 2967 1031 3051 cujuscunque
1046 2965 1209 3051 parochiae
1224 2966 1372 3050 applicari

130 3065 226 3133 valet.
270 3067 383 3134 Omnes
410 3070 568 3136 conciones
593 3072 678 3155 prelo
707 3072 892 3154 impressae,
921 3073 1047 3156 propter
1072 3091 1162 3136 sunm
1188 3071 1310 3153 tempus
1340 3071 1371 3134 et

128 3169 323 3236 localitatem
350 3175 506 3240 confectae
533 3179 621 3241 snut:
652 3177 685 3242 in
710 3176 773 3240 illis
796 3177 954 3260 generalia
978 3175 1193 3242 tantummodo
1220 3173 1371 3258 principia

129 3276 303 3342 christiana
328 3278 391 3342 rim
417 3295 505 3344 suam
532 3299 585 3363 pro
611 3299 732 3364 semper
757 3283 947 3359 conservant,
971 3299 1008 3346 ea
1034 3282 1141 3345 tamen
1160 3279 1226 3364 jam
1249 3277 1372 3343 aliunde

129 3381 299 3464 uuicuique
337 3381 505 3448 camerano
542 3384 753 3462 innotescunt3
789 3384 844 3449 sed
877 3383 995 3449 interea
1030 3383 1080 3462 id,
1115 3383 1195 3466 quod
1232 3383 1372 3448 vitalita-

129 3490 198 3552 tem
228 3485 336 3551 horum
362 3486 581 3570 principiorum
606 3488 718 3568 efficit,
748 3487 956 3554 accomodatio
979 3487 1097 3553 scilicet
1120 3488 1160 3552 acl
1186 3489 1269 3566 loca,
1292 3488 1372 3554 tear

130 3609 209 3675 pora
231 3591 263 3654 et
277 3607 431 3672 personas,
454 3591 577 3658 omnino
600 3592 746 3675 disparet.
782 3591 966 3678 Principalis
981 3591 1052 3656 linis
1066 3589 1263 3675 praedicandi
1277 3589 1373 3654 Verbi
1438 3643 1441 3650 .

132 3695 232 3762 diuini
245 3694 320 3759 haec
335 3696 393 3773 cst,
416 3697 453 3760 nt
466 3697 596 3780 popalus
612 3698 641 3761 vi
656 3697 815 3781 religionis
830 3699 924 3781 atque
939 3697 1051 3762 intima
1066 3693 1285 3780 praedicatoris
1301 3711 1373 3758 con-

132 3800 269 3866 victione
302 3800 341 3864 ad
372 3800 520 3864 virtutm
551 3801 728 3865 exhortetur
761 3801 1032 3885 confirmeturqne;
1066 3817 1173 3864 verum
1207 3815 1373 3881 quamnam

132 3903 364 3988 persuasionem
385 3903 492 3968 fideles
517 3904 684 3982 habebunt,
707 3905 735 3968 si
757 3905 898 3972 sacerdos
919 3905 1092 3971 doctrinam
1112 3921 1172 3968 non
1194 3921 1231 3967 ex
1252 3899 1372 3965 intimis

132 4008 285 4091 proferet,
315 4008 369 4072 sed
399 4027 435 4073 er
461 4007 541 4073 libro
567 4008 680 4087 alieno,
710 4009 908 4075 conformiter
934 4009 1095 4090 mandato,
1127 4007 1193 4091 ejus
1219 4006 1372 4071 lecturam

132 4111 248 4176 iaciat?
292 4111 339 4177 Ob
355 4113 434 4176 hane
455 4112 608 4178 rationem
623 4131 677 4196 pro
691 4113 850 4178 essentiali
872 4114 904 4178 in
926 4113 1075 4198 religione
1092 4112 1197 4177 nostra
1220 4111 1372 4189 censetur,

134 4216 171 4280 ut
187 4214 357 4281 Salvataris
372 4217 497 4282 verbum
513 4217 583 4282 viva
606 4235 678 4283 voce
693 4216 906 4296 annuncietur,
929 4219 1002 4282 utve
1016 4215 1095 4282 illud
1115 4215 1246 4282 inomni
1261 4215 1373 4280 eventu

135 4314 368 4402 ad'spirituales
390 4319 494 4404 populi
516 4321 705 4406 indigentias
721 4321 864 4386 continno
880 4319 1059 4404 applicetur.
1103 4320 1221 4386 Idcirco
1237 4318 1373 4384 officium

134 4421 358 4507 praedicandae
381 4424 497 4490 Christi
519 4425 675 4492 doctrinae
695 4427 734 4490 ad
754 4427 918 4510 Episcopus
940 4423 1103 4510 praecipue
1126 4427 1158 4490 et
1173 4443 1223 4490 eos
1246 4421 1372 4488 ecclesi·

135 4528 260 4608 asticos,
282 4527 335 4612 qui
361 4530 393 4594 et
419 4529 596 4596 charactere
618 4531 802 4597 sacerdotali
827 4529 970 4617 insigniti
996 4532 1079 4610 suut,
1103 4531 1135 4596 et
1156 4547 1210 4616 per
1233 4527 1372 4593 debitam

134 4633 401 4722 praeparationem
415 4652 542 4724 capaces
556 4639 648 4728 hrrjns
664 4639 757 4707 officii
771 4639 953 4720 redduntur,
973 4639 1115 4706 refertur.
1150 4636 1183 4704 Si
1197 4655 1267 4703 vero
1283 4637 1373 4723 typo·
