3170 5128
157 267 267 322 rorasse
284 267 331 322 ter
350 267 500 332 poluiseben
518 267 637 322 Bisebtl'e
653 267 813 322 orflenersl
831 267 958 331 bamberg
976 277 1036 320 vom
1054 265 1094 319 25.
1111 267 1181 328 sept.
1202 264 1277 316 1881.
1306 247 1380 324 283

146 452 332 520 calumniam
359 453 454 520 Nobis
480 455 512 520 ot
526 453 600 520 bnio
614 451 644 520 S·
661 453 734 520 Sodi
759 453 949 536 impositam,
972 454 1005 520 at
1028 453 1097 519 istis
1121 451 1263 518 fidelibus
1285 451 1382 536 signi-

145 557 238 622 boare
263 575 351 623 ouras
373 576 477 624 omnes
503 577 522 623 a
546 558 644 624 Nobis
671 558 703 629 et
728 557 768 622 ab
793 557 901 622 eodem
923 555 1001 622 Sede
1022 577 1076 640 pro
1098 556 1253 639 spiritnali
1269 574 1383 621 eorum
1426 639 1428 642 Ι

145 663 225 728 bono
240 662 272 728 et
287 661 427 728 utilitato
446 661 638 729 eontinestar
653 661 822 744 susceptas,
845 679 955 742 eosque
977 660 1198 726 amantissimis
1222 659 1323 742 verbis
1345 658 1383 723 de

146 762 297 848 singulari
322 763 437 830 Nostra
461 763 494 828 in
518 763 600 846 ipsos
633 762 780 842 oaribte,
807 762 970 845 statioque
996 763 1142 828 oortiores
1168 763 1278 828 faeere.
1334 763 1383 827 Ne

148 865 270 935 desinas
291 884 362 932 roro
383 885 518 949 unquam
539 885 603 932 una
624 885 695 932 enm
718 866 793 932 'luis
816 865 1025 950 Suffraganeis
1048 866 1170 930 eosdem
1199 865 1305 930 fideles
1327 884 1383 948 po-

147 969 236 1053 pulos
250 987 311 1052 qua
330 988 413 1047 roos,
435 989 498 1052 qna
511 969 701 1036 solutoribus-
714 970 746 1035 ot
767 968 946 1052 opportunis
961 968 1084 1050 seriptis
1107 987 1226 1050 semper
1249 985 1381 1046 monere,

149 1072 312 1150 exhortari,
336 1071 479 1150 exaitare,
501 1074 571 1138 uta
585 1072 736 1152 veritatis,
752 1071 885 1152 honoris,
900 1071 1026 1137 virtutis
1038 1071 1239 1156 justitiaeque
1262 1071 1383 1151 semita,

149 1195 185 1242 ao
210 1173 412 1244 sanctissimis
445 1175 566 1242 dionae
591 1177 714 1242 nostrae
745 1176 903 1260 religionis
929 1175 1195 1259 praeooptionibns
1226 1193 1384 1257 nunquam

149 1279 325 1356 defleotant,
348 1278 445 1362 utque
469 1279 569 1362 magis
595 1279 628 1344 in
653 1279 719 1344 dies
743 1279 776 1344 in
801 1279 872 1358 fide,
895 1298 1017 1359 amore,
1040 1281 1072 1344 ot
1096 1279 1289 1345 observantia
1310 1297 1385 1362 erga

149 1383 230 1448 beno
245 1381 332 1446 Petri
347 1379 534 1448 Oatbodram
548 1382 717 1448 oatbolieao
733 1382 884 1460 veritatis,
907 1383 940 1448 et
953 1382 1087 1448 unitatis
1101 1383 1241 1446 eentum
1257 1381 1385 1446 stabiles

151 1487 183 1551 et
196 1485 318 1570 immoti
331 1485 508 1568 persistant.
538 1485 605 1551 Hoo
620 1504 693 1552 sane
707 1485 831 1550 motos
845 1485 1084 1550 elementissimo
1105 1484 1386 1580 misericordiarum

151 1589 246 1656 Patre
260 1587 442 1654 obtinebunt
457 1589 636 1654 eoelestium
650 1589 899 1654 benedictionum
914 1589 1043 1672 sopiam,
1062 1609 1139 1673 quae
1153 1589 1244 1653 unios
1258 1587 1386 1670 possunt

152 1712 212 1758 non
234 1693 333 1758 solum
349 1693 387 1757 ab
402 1692 764 1775 ipsis'pornioiosissirnas
782 1693 853 1758 illas
877 1694 1016 1758 avortere
1036 1692 1293 1776 perturbationes,
1316 1689 1385 1774 qni·

154 1794 211 1859 bns
235 1793 354 1860 inimiei
374 1794 513 1860 homines
539 1813 590 1860 eos
615 1795 742 1860 obruere
769 1795 900 1874 rebant,
916 1814 1033 1860 rernm
1061 1795 1156 1860 etiam
1183 1795 1320 1873 effloers,
1350 1795 1408 1858 ut-

155 1895 246 1962 iidem
261 1897 371 1962 Poloni
393 1897 494 1963 aritae
517 1915 590 1962 snae
612 1898 770 1982 religionis
792 1898 1006 1981 prosperitate,
1029 1899 1172 1981 omnique
1197 1897 1387 1963 veraioliei·

11 2001 13 2038 ³
154 2000 222 2066 tate
236 1999 351 2082 pertrui
366 2001 489 2082 queant.
534 2001 599 2066 Nos
619 2001 841 2084 oerteqnirlem
867 2001 900 2065 in
924 2001 1008 2066 omni
1033 2002 1171 2066 oratioue
1193 2003 1225 2066 et
1245 2001 1387 2066 obseora·

154 2102 237 2168 tione
252 2120 323 2166 enm
337 2103 510 2184 gratiarnm
526 2103 646 2168 actione
669 2123 688 2168 a
709 2103 928 2188 benignissimo
942 2103 1074 2170 Domino
1093 2103 1262 2180 humiliter,
1279 2103 1388 2167 ¹enine-

11 2285 13 2290 ,
153 2224 212 2289 que
227 2204 425 2287 exposcimus,
449 2207 485 2270 ut
500 2205 620 2272 diuinae
635 2207 844 2290 gratissemo
865 2207 990 2274 dinibus
1010 2225 1101 2292 snper
1120 2206 1227 2272 fideles
1243 2193 1388 2271 Poloniao

154 2307 279 2392 populos
294 2309 444 2391 propitius
459 2328 579 2392 semper
594 2309 750 2376 effundero
766 2310 851 2376 uelit.
895 2311 1034 2396 Denique
1048 2311 1107 2375 hae
1122 2309 1279 2374 oooesiorra
1294 2327 1388 2390 quam

152 2397 357 2478 libentissime
377 2400 512 2491 utimur,
542 2407 713 2478 utiterum
735 2414 886 2478 testemur
908 2414 939 2478 et
958 2403 1170 2478 oonfirmemus
1192 2411 1388 2495 praeeipuam

152 2515 301 2582 Nostram
320 2515 354 2578 in
376 2515 429 2605 Te,
451 2515 592 2598 Tuosque
614 2515 830 2600 Suffraganeos
851 2517 1106 2582 benevolentiam.
1152 2513 1248 2600 Cujus
1269 2533 1388 2598 quoque

116 2635 118 2644 ’
152 2617 265 2702 pignus
287 2635 356 2682 osse
375 2619 516 2684 volumus
529 2619 741 2701 Apostolioam
763 2620 1026 2698 Benediaionem,
1050 2637 1142 2702 quern
1164 2618 1274 2684 intimo
1289 2617 1389 2683 oordis

154 2721 354 2790 assonaret
375 2721 444 2804 ipsi,
468 2721 659 2788 Venerabilis
680 2723 799 2802 Frater,
820 2724 954 2807 Tutaque
969 2721 1187 2806 suffraganeis,
1209 2721 1389 2804 onustisque

154 2824 281 2892 (tleriris
294 2824 454 2907 Laioisque
469 2825 611 2898 fidelibus
627 2825 713 2892 Tuae
728 2827 760 2892 st
774 2827 897 2892 illorum
909 2845 1000 2892 earne
1011 2825 1181 2891 oommissis
1193 2826 1389 2908 peramanter

153 2922 361 3011 impertimur.'
636 2996 639 2999 ,

257 3031 375 3096 Datum
389 3031 505 3098 Romae
520 3031 602 3114 apud
617 3031 648 3096 S.
663 3031 792 3096 Petrum
811 3031 860 3096 die
875 3031 902 3096 6.
918 3030 1007 3096 Jnnii
1023 3048 1101 3095 anno
1122 3031 1212 3094 1861.

258 3132 463 3198 Pontifioatus
477 3133 587 3200 Nostri
601 3133 690 3200 Anno
705 3133 950 3217 Deoinnoquirrto.
1236 3129 1243 3136 ”

156 3342 225 3400 tvl,
249 3343 361 3396 adressa
384 3343 431 3400 ter
449 3343 600 3407 perurseren
622 3344 741 3399 bieolore
768 3357 802 3396 an
819 3345 929 3398 tauersl
946 3343 1087 3407 Lambere,
1114 3342 1219 3398 katssrl.
1239 3341 1390 3396 fflttbalter

616 3431 651 3482 im
668 3429 823 3493 nonninus
840 3430 927 3501 Pelen.

205 3547 479 3640 Exoollentissimo,
503 3548 717 3614 Illustrissimo
733 3547 878 3614 Generali
892 3549 1034 3614 obstare
1049 3547 1164 3613 Comiti
1177 3545 1342 3629 Lamberto

374 3650 611 3718 Loonmtenonti
625 3652 824 3735 Imperatoris
838 3652 871 3716 in
885 3652 992 3736 Regno
1006 3650 1163 3716 Poloniae.

260 3750 351 3816 Fides
377 3752 540 3820 catholiea
565 3756 705 3820 Romana
727 3755 760 3818 in
781 3754 909 3820 Polonia
932 3774 951 3820 a
972 3773 1080 3820 novem
1100 3754 1167 3836 Jam
1189 3752 1300 3818 seoulis
1322 3771 1392 3817 ounr

156 3851 302 3918 universa·
320 3852 435 3923 rivium
456 3855 523 3924 vita
544 3857 716 3924 tortissimo
737 3857 858 3924 loedere
877 3857 986 3940 junota
1011 3858 1047 3921 ut
1069 3857 1138 3922 erat
1159 3875 1280 3939 semper
1301 3855 1392 3921 bodie

141 3973 276 4039 ‘quoqne
291 3954 397 4020 existit
419 3957 611 4026 oartssinmm
626 3961 752 4044 patrum
766 3961 938 4026 nostrornm
953 3959 1154 4038 momentum,
1178 3959 1243 4024 sine
1260 3977 1321 4042 quo
1335 3977 1391 4024 neo

11 4069 13 4132 ἓ
154 4059 341 4144 prosperitas
363 4060 487 4143 publico
509 4081 565 4128 neo
594 4063 680 4146 quies
705 4063 828 4147 privata
852 4063 957 4146 vigere
985 4061 1097 4144 potest.
1140 4062 1208 4126 Hae
1238 4061 1300 4126 tte
1321 4061 1394 4127 freti

12 4183 13 4188 ¹
155 4163 323 4230 Antistites
344 4161 587 4250 Seoertotesqne
607 4167 716 4233 Potoni
740 4167 772 4232 et
801 4166 975 4232 animarum
1003 4165 1098 4230 saluti
1119 4167 1151 4230 et
1171 4165 1250 4231 bono
1271 4163 1393 4248 publioo

11 4271 13 4354 ζ
154 4267 384 4352 prospieientes,
407 4269 487 4337 nibil
509 4270 569 4336 sibi
591 4271 728 4338 alienum
755 4271 918 4348 luxerunt,
941 4269 1022 4352 qnod
1045 4269 1233 4352 reipublicae
1252 4269 1394 4350 prointu-

155 4391 226 4438 rum
239 4371 397 4453 putavere.
442 4370 557 4440 Smetri
578 4374 661 4440 enim
675 4374 816 4440 booloeia
837 4367 990 4446 selbolioa
1009 4373 1043 4438 in
1064 4371 1172 4457 Regno
1194 4370 1340 4436 Potoniae
1360 4370 1393 4434 id

151 4495 284 4556 ¹ourrrrns,
304 4489 345 4541 no
366 4473 441 4556 quid
462 4477 540 4544 lites
563 4478 681 4546 Christi
703 4477 883 4546 sarmenti
903 4477 1022 4561 oapiat,
1044 4493 1081 4542 ao
1103 4474 1199 4542 saluti
1220 4473 1394 4539 animarum
1492 4471 1495 4478 “

156 4601 275 4671 semper
299 4593 424 4672 operam
447 4597 565 4652 novans
590 4580 680 4648 firmo
706 4599 742 4648 oo
768 4580 910 4654 concordi
939 4577 1061 4654 riroulo
1088 4577 1198 4668 juncto
1226 4576 1294 4648 orat
1320 4593 1395 4645 oum
