<?xml version="1.0" encoding="UTF-8"?>
<!DOCTYPE html PUBLIC "-//W3C//DTD XHTML 1.0 Transitional//EN"
    "http://www.w3.org/TR/xhtml1/DTD/xhtml1-transitional.dtd">
<html xmlns="http://www.w3.org/1999/xhtml" xml:lang="en" lang="en">
 <head>
  <title>
</title>
<meta http-equiv="Content-Type" content="text/html;charset=utf-8" />
  <meta name='ocr-system' content='tesseract 3.04.00' />
  <meta name='ocr-capabilities' content='ocr_page ocr_carea ocr_par ocr_line ocrx_word'/>
</head>
<body>
  <div class='ocr_page' id='page_1' title='image "./archivfrkatholi03jurigoog/archivfrkatholi03jurigoog_0272.png"; bbox 0 0 3170 5128; ppageno 0'>
   <div class='ocr_carea' id='block_1_1' title="bbox 189 227 1288 316">
    <p class='ocr_par' dir='ltr' id='par_1_1' title="bbox 189 227 1288 316">
     <span class='ocr_line' id='line_1_1' title="bbox 189 227 1288 316; baseline -0.002 -8"><span class='ocrx_word' id='word_1_1' title='bbox 189 227 264 312; x_wconf 77' lang='lat' dir='ltr'>26ss</span> <span class='ocrx_word' id='word_1_2' title='bbox 334 249 471 306; x_wconf 84' lang='lat' dir='ltr'>brbuoden</span> <span class='ocrx_word' id='word_1_3' title='bbox 489 261 536 306; x_wconf 85' lang='lat' dir='ltr'>our</span> <span class='ocrx_word' id='word_1_4' title='bbox 549 251 709 316; x_wconf 84' lang='lat' dir='ltr'>pbostbcbeu</span> <span class='ocrx_word' id='word_1_5' title='bbox 729 252 894 308; x_wconf 80' lang='lat' dir='ltr'>bouksebrib</span> <span class='ocrx_word' id='word_1_6' title='bbox 912 265 971 308; x_wconf 83' lang='lat' dir='ltr'>som</span> <span class='ocrx_word' id='word_1_7' title='bbox 993 253 1032 308; x_wconf 85' lang='lat' dir='ltr'>lb.</span> <span class='ocrx_word' id='word_1_8' title='bbox 1052 253 1196 310; x_wconf 75' lang='lat' dir='ltr'>November</span> <span class='ocrx_word' id='word_1_9' title='bbox 1216 253 1288 308; x_wconf 82' lang='lat' dir='ltr'>lsbb.</span> 
     </span>
    </p>
   </div>
   <div class='ocr_carea' id='block_1_2' title="bbox 93 440 1459 1254">
    <p class='ocr_par' dir='ltr' id='par_1_2' title="bbox 93 440 1459 1254">
     <span class='ocr_line' id='line_1_2' title="bbox 188 440 1428 526; baseline 0 -20"><span class='ocrx_word' id='word_1_10' title='bbox 188 441 254 524; x_wconf 89' lang='lat' dir='ltr'>ipso</span> <span class='ocrx_word' id='word_1_11' title='bbox 274 441 409 524; x_wconf 83' lang='lat' dir='ltr'>supremi</span> <span class='ocrx_word' id='word_1_12' title='bbox 430 441 536 505; x_wconf 89' lang='lat' dir='ltr'>Nostri</span> <span class='ocrx_word' id='word_1_13' title='bbox 560 441 764 506; x_wconf 88' lang='lat' dir='ltr'>Pontificatus</span> <span class='ocrx_word' id='word_1_14' title='bbox 792 440 913 506; x_wconf 81' lang='lat' dir='ltr'>exordio</span> <span class='ocrx_word' id='word_1_15' title='bbox 941 441 1076 507; x_wconf 88' lang='lat' dir='ltr'>illustria</span> <span class='ocrx_word' id='word_1_16' title='bbox 1103 461 1162 508; x_wconf 88' lang='lat' dir='ltr'>rec.</span> <span class='ocrx_word' id='word_1_17' title='bbox 1189 461 1279 506; x_wconf 91' lang='lat' dir='ltr'>mem.</span> <span class='ocrx_word' id='word_1_18' title='bbox 1307 442 1428 526; x_wconf 81' lang='lat' dir='ltr'>Grego-</span> 
     </span>
     <span class='ocr_line' id='line_1_3' title="bbox 188 543 1428 629; baseline 0.001 -20"><span class='ocrx_word' id='word_1_19' title='bbox 188 543 229 609; x_wconf 87' lang='lat' dir='ltr'>rii</span> <span class='ocrx_word' id='word_1_20' title='bbox 243 544 325 609; x_wconf 86' lang='lat' dir='ltr'>XVI.</span> <span class='ocrx_word' id='word_1_21' title='bbox 350 545 596 610; x_wconf 88' lang='lat' dir='ltr'>Praedecesscris</span> <span class='ocrx_word' id='word_1_22' title='bbox 618 545 726 610; x_wconf 79' lang='lat' dir='ltr'>Nostri</span> <span class='ocrx_word' id='word_1_23' title='bbox 750 545 881 628; x_wconf 87' lang='lat' dir='ltr'>vestigia</span> <span class='ocrx_word' id='word_1_24' title='bbox 904 545 1059 610; x_wconf 87' lang='lat' dir='ltr'>sectantes</span> <span class='ocrx_word' id='word_1_25' title='bbox 1080 545 1288 612; x_wconf 89' lang='lat' dir='ltr'>intentissimo</span> <span class='ocrx_word' id='word_1_26' title='bbox 1302 545 1428 629; x_wconf 88' lang='lat' dir='ltr'>quidem</span> 
     </span>
     <span class='ocr_line' id='line_1_4' title="bbox 188 648 1459 741; baseline -0.002 -25"><span class='ocrx_word' id='word_1_27' title='bbox 188 649 291 716; x_wconf 90' lang='lat' dir='ltr'>studio</span> <span class='ocrx_word' id='word_1_28' title='bbox 306 667 395 714; x_wconf 89' lang='lat' dir='ltr'>curas</span> <span class='ocrx_word' id='word_1_29' title='bbox 411 667 515 714; x_wconf 90' lang='lat' dir='ltr'>omnes</span> <span class='ocrx_word' id='word_1_30' title='bbox 531 649 795 734; x_wconf 74' lang='lat' dir='ltr'>cogitationesque</span> <span class='ocrx_word' id='word_1_31' title='bbox 811 649 941 714; x_wconf 87' lang='lat' dir='ltr'>Nostrae</span> <span class='ocrx_word' id='word_1_32' title='bbox 957 648 1142 715; x_wconf 88' lang='lat' dir='ltr'>convertisse</span> <span class='ocrx_word' id='word_1_33' title='bbox 1159 649 1199 714; x_wconf 87' lang='lat' dir='ltr'>ad</span> <span class='ocrx_word' id='word_1_34' title='bbox 1215 649 1429 716; x_wconf 73' lang='lat' dir='ltr'>sanctissimae</span> <span class='ocrx_word' id='word_1_35' title='bbox 1453 732 1459 741; x_wconf 23' lang='grc' dir='ltr'>ι</span> 
     </span>
     <span class='ocr_line' id='line_1_5' title="bbox 189 751 1430 836; baseline -0.003 -16"><span class='ocrx_word' id='word_1_36' title='bbox 189 753 312 821; x_wconf 89' lang='lat' dir='ltr'>nostrae</span> <span class='ocrx_word' id='word_1_37' title='bbox 326 751 485 836; x_wconf 89' lang='lat' dir='ltr'>religionis</span> <span class='ocrx_word' id='word_1_38' title='bbox 499 771 548 818; x_wconf 90' lang='lat' dir='ltr'>res</span> <span class='ocrx_word' id='word_1_39' title='bbox 563 752 595 816; x_wconf 90' lang='lat' dir='ltr'>io</span> <span class='ocrx_word' id='word_1_40' title='bbox 605 752 810 835; x_wconf 75' lang='lat' dir='ltr'>&#39;amplissimis</span> <span class='ocrx_word' id='word_1_41' title='bbox 825 753 1013 832; x_wconf 81' lang='lat' dir='ltr'>serenissimi</span> <span class='ocrx_word' id='word_1_42' title='bbox 1027 771 1063 817; x_wconf 90' lang='lat' dir='ltr'>ac</span> <span class='ocrx_word' id='word_1_43' title='bbox 1080 753 1286 836; x_wconf 82' lang='lat' dir='ltr'>potentissimi</span> <span class='ocrx_word' id='word_1_44' title='bbox 1300 753 1430 818; x_wconf 78' lang='lat' dir='ltr'>sussia-</span> 
     </span>
     <span class='ocr_line' id='line_1_6' title="bbox 93 839 1430 941; baseline -0.001 -17"><span class='ocrx_word' id='word_1_45' title='bbox 93 839 102 859; x_wconf 64' lang='grc'><strong>“</strong></span> <span class='ocrx_word' id='word_1_46' title='bbox 188 879 257 924; x_wconf 89' lang='lat' dir='ltr'>rum</span> <span class='ocrx_word' id='word_1_47' title='bbox 291 856 491 940; x_wconf 88' lang='lat' dir='ltr'>Imperatoris</span> <span class='ocrx_word' id='word_1_48' title='bbox 517 857 549 922; x_wconf 87' lang='lat' dir='ltr'>et</span> <span class='ocrx_word' id='word_1_49' title='bbox 575 856 721 922; x_wconf 87' lang='lat' dir='ltr'>Polooiae</span> <span class='ocrx_word' id='word_1_50' title='bbox 754 855 836 940; x_wconf 88' lang='lat' dir='ltr'>regis</span> <span class='ocrx_word' id='word_1_51' title='bbox 869 856 1000 921; x_wconf 89' lang='lat' dir='ltr'>illustris</span> <span class='ocrx_word' id='word_1_52' title='bbox 1026 857 1169 923; x_wconf 90' lang='lat' dir='ltr'>dominiis</span> <span class='ocrx_word' id='word_1_53' title='bbox 1195 856 1430 941; x_wconf 87' lang='lat' dir='ltr'>componendas.</span> 
     </span>
     <span class='ocr_line' id='line_1_7' title="bbox 189 960 1432 1046; baseline -0.003 -14"><span class='ocrx_word' id='word_1_54' title='bbox 189 963 278 1040; x_wconf 84' lang='lat' dir='ltr'>Hinc,</span> <span class='ocrx_word' id='word_1_55' title='bbox 303 961 400 1028; x_wconf 86' lang='lat' dir='ltr'>veluti</span> <span class='ocrx_word' id='word_1_56' title='bbox 422 961 518 1040; x_wconf 86' lang='grc'><strong>661116,</strong></span> <span class='ocrx_word' id='word_1_57' title='bbox 540 960 754 1026; x_wconf 87' lang='lat' dir='ltr'>Venerabilam</span> <span class='ocrx_word' id='word_1_58' title='bbox 782 961 923 1026; x_wconf 79' lang='lat' dir='ltr'>Fratrem</span> <span class='ocrx_word' id='word_1_59' title='bbox 950 961 1100 1028; x_wconf 88' lang='lat' dir='ltr'>Nostrum</span> <span class='ocrx_word' id='word_1_60' title='bbox 1126 960 1278 1026; x_wconf 80' lang='lat' dir='ltr'>Alcisium</span> <span class='ocrx_word' id='word_1_61' title='bbox 1302 961 1432 1046; x_wconf 81' lang='lat' dir='ltr'>Episco-</span> 
     </span>
     <span class='ocr_line' id='line_1_8' title="bbox 189 1063 1430 1152; baseline -0.002 -20"><span class='ocrx_word' id='word_1_62' title='bbox 189 1087 263 1152; x_wconf 89' lang='lat' dir='ltr'>pum</span> <span class='ocrx_word' id='word_1_63' title='bbox 277 1067 490 1144; x_wconf 88' lang='lat' dir='ltr'>Portuansam,</span> <span class='ocrx_word' id='word_1_64' title='bbox 514 1064 543 1131; x_wconf 83' lang='lat' dir='ltr'>S.</span> <span class='ocrx_word' id='word_1_65' title='bbox 565 1065 706 1144; x_wconf 83' lang='lat' dir='ltr'>Rufinus,</span> <span class='ocrx_word' id='word_1_66' title='bbox 729 1066 762 1131; x_wconf 90' lang='lat' dir='ltr'>et</span> <span class='ocrx_word' id='word_1_67' title='bbox 777 1063 1059 1130; x_wconf 80' lang='lat' dir='ltr'>Centumcellarum</span> <span class='ocrx_word' id='word_1_68' title='bbox 1082 1065 1112 1132; x_wconf 82' lang='lat' dir='ltr'>S.</span> <span class='ocrx_word' id='word_1_69' title='bbox 1128 1066 1165 1131; x_wconf 87' lang='lat' dir='ltr'>R.</span> <span class='ocrx_word' id='word_1_70' title='bbox 1180 1066 1216 1131; x_wconf 84' lang='grc'>11.</span> <span class='ocrx_word' id='word_1_71' title='bbox 1232 1065 1430 1131; x_wconf 82' lang='lat' dir='ltr'>Oardinalem</span> 
     </span>
     <span class='ocr_line' id='line_1_9' title="bbox 181 1169 1432 1254; baseline -0.003 -16"><span class='ocrx_word' id='word_1_72' title='bbox 181 1170 424 1238; x_wconf 82' lang='lat' dir='ltr'>Lambroschini</span> <span class='ocrx_word' id='word_1_73' title='bbox 438 1169 590 1254; x_wconf 84' lang='lat' dir='ltr'>singulari</span> <span class='ocrx_word' id='word_1_74' title='bbox 604 1169 730 1252; x_wconf 88' lang='lat' dir='ltr'>pietate,</span> <span class='ocrx_word' id='word_1_75' title='bbox 753 1169 926 1252; x_wconf 87' lang='lat' dir='ltr'>prudentia,</span> <span class='ocrx_word' id='word_1_76' title='bbox 950 1169 1098 1248; x_wconf 85' lang='lat' dir='ltr'>doctriua,</span> <span class='ocrx_word' id='word_1_77' title='bbox 1117 1171 1150 1234; x_wconf 92' lang='lat' dir='ltr'>et</span> <span class='ocrx_word' id='word_1_78' title='bbox 1165 1169 1198 1234; x_wconf 89' lang='lat' dir='ltr'>in</span> <span class='ocrx_word' id='word_1_79' title='bbox 1213 1169 1432 1235; x_wconf 91' lang='lat' dir='ltr'>ecclesiasticis</span> 
     </span>
    </p>
   </div>
   <div class='ocr_carea' id='block_1_3' title="bbox 189 1273 1521 1360">
    <p class='ocr_par' dir='ltr' id='par_1_3' title="bbox 189 1273 1579 1360">
     <span class='ocr_line' id='line_1_10' title="bbox 189 1273 1521 1360; baseline -0.006 -18"><span class='ocrx_word' id='word_1_80' title='bbox 189 1275 323 1360; x_wconf 88' lang='lat' dir='ltr'>negotiis</span> <span class='ocrx_word' id='word_1_81' title='bbox 357 1274 539 1358; x_wconf 83' lang='lat' dir='ltr'>peragendis</span> <span class='ocrx_word' id='word_1_82' title='bbox 567 1273 680 1356; x_wconf 87' lang='lat' dir='ltr'>peritis</span> <span class='ocrx_word' id='word_1_83' title='bbox 714 1274 888 1357; x_wconf 84' lang='lat' dir='ltr'>spectatum</span> <span class='ocrx_word' id='word_1_84' title='bbox 921 1273 1012 1357; x_wconf 91' lang='lat' dir='ltr'>pleno</span> <span class='ocrx_word' id='word_1_85' title='bbox 1045 1275 1198 1356; x_wconf 84' lang='lat' dir='ltr'>potestate</span> <span class='ocrx_word' id='word_1_86' title='bbox 1222 1273 1431 1354; x_wconf 80' lang='lat' dir='ltr'>munivimus,</span> <span class='ocrx_word' id='word_1_87' title='bbox 1519 1350 1521 1354; x_wconf 23' lang='grc' dir='ltr'>Ι</span> 
     </span>
    </p>
   </div>
   <div class='ocr_carea' id='block_1_4' title="bbox 96 1377 1444 4585">
    <p class='ocr_par' dir='ltr' id='par_1_4' title="bbox 96 1377 1444 4585">
     <span class='ocr_line' id='line_1_11' title="bbox 189 1377 1444 1466; baseline -0.006 -20"><span class='ocrx_word' id='word_1_88' title='bbox 189 1381 276 1466; x_wconf 89' lang='lat' dir='ltr'>eique</span> <span class='ocrx_word' id='word_1_89' title='bbox 292 1381 324 1446; x_wconf 92' lang='lat' dir='ltr'>in</span> <span class='ocrx_word' id='word_1_90' title='bbox 338 1381 421 1446; x_wconf 89' lang='lat' dir='ltr'>tanti</span> <span class='ocrx_word' id='word_1_91' title='bbox 435 1378 582 1445; x_wconf 84' lang='lat' dir='ltr'>momenti</span> <span class='ocrx_word' id='word_1_92' title='bbox 597 1397 630 1444; x_wconf 90' lang='lat' dir='ltr'>re</span> <span class='ocrx_word' id='word_1_93' title='bbox 646 1377 819 1462; x_wconf 84' lang='lat' dir='ltr'>adjutorem</span> <span class='ocrx_word' id='word_1_94' title='bbox 835 1377 975 1443; x_wconf 86' lang='lat' dir='ltr'>dedimus</span> <span class='ocrx_word' id='word_1_95' title='bbox 991 1377 1140 1444; x_wconf 89' lang='lat' dir='ltr'>dilectum</span> <span class='ocrx_word' id='word_1_96' title='bbox 1151 1378 1266 1444; x_wconf 77' lang='lat' dir='ltr'>rurum</span> <span class='ocrx_word' id='word_1_97' title='bbox 1277 1379 1444 1444; x_wconf 79' lang='lat' dir='ltr'>loannem.</span> 
     </span>
     <span class='ocr_line' id='line_1_12' title="bbox 189 1481 1430 1562; baseline -0.004 -11"><span class='ocrx_word' id='word_1_98' title='bbox 189 1484 312 1552; x_wconf 80' lang='lat' dir='ltr'>cerboli</span> <span class='ocrx_word' id='word_1_99' title='bbox 337 1484 430 1550; x_wconf 89' lang='lat' dir='ltr'>Bussi</span> <span class='ocrx_word' id='word_1_100' title='bbox 461 1481 636 1548; x_wconf 90' lang='lat' dir='ltr'>antistitem</span> <span class='ocrx_word' id='word_1_101' title='bbox 661 1483 801 1548; x_wconf 89' lang='lat' dir='ltr'>nostrum</span> <span class='ocrx_word' id='word_1_102' title='bbox 827 1481 1046 1562; x_wconf 89' lang='lat' dir='ltr'>domesticum,</span> <span class='ocrx_word' id='word_1_103' title='bbox 1077 1483 1114 1548; x_wconf 92' lang='lat' dir='ltr'>ut</span> <span class='ocrx_word' id='word_1_104' title='bbox 1140 1501 1210 1548; x_wconf 90' lang='lat' dir='ltr'>oum</span> <span class='ocrx_word' id='word_1_105' title='bbox 1239 1481 1335 1548; x_wconf 87' lang='lat' dir='ltr'>nobili</span> <span class='ocrx_word' id='word_1_106' title='bbox 1362 1481 1430 1547; x_wconf 84' lang='lat' dir='ltr'>viro</span> 
     </span>
     <span class='ocr_line' id='line_1_13' title="bbox 189 1585 1431 1671; baseline -0.002 -16"><span class='ocrx_word' id='word_1_107' title='bbox 189 1589 300 1662; x_wconf 86' lang='lat' dir='ltr'>comite</span> <span class='ocrx_word' id='word_1_108' title='bbox 323 1588 360 1654; x_wconf 91' lang='lat' dir='ltr'>de</span> <span class='ocrx_word' id='word_1_109' title='bbox 382 1587 528 1654; x_wconf 86' lang='lat' dir='ltr'>Bloudoff</span> <span class='ocrx_word' id='word_1_110' title='bbox 548 1587 674 1670; x_wconf 88' lang='lat' dir='ltr'>abipso</span> <span class='ocrx_word' id='word_1_111' title='bbox 696 1585 894 1653; x_wconf 87' lang='lat' dir='ltr'>Serenissimo</span> <span class='ocrx_word' id='word_1_112' title='bbox 917 1587 1060 1671; x_wconf 89' lang='lat' dir='ltr'>Principe</span> <span class='ocrx_word' id='word_1_113' title='bbox 1083 1586 1123 1652; x_wconf 87' lang='lat' dir='ltr'>ed</span> <span class='ocrx_word' id='word_1_114' title='bbox 1151 1605 1207 1652; x_wconf 90' lang='lat' dir='ltr'>nos</span> <span class='ocrx_word' id='word_1_115' title='bbox 1229 1605 1300 1653; x_wconf 86' lang='lat' dir='ltr'>cnm</span> <span class='ocrx_word' id='word_1_116' title='bbox 1321 1587 1431 1652; x_wconf 89' lang='lat' dir='ltr'>liberis</span> 
     </span>
     <span class='ocr_line' id='line_1_14' title="bbox 189 1691 1429 1775; baseline -0.001 -17"><span class='ocrx_word' id='word_1_117' title='bbox 189 1693 344 1759; x_wconf 87' lang='lat' dir='ltr'>mandetis</span> <span class='ocrx_word' id='word_1_118' title='bbox 366 1694 452 1758; x_wconf 86' lang='lat' dir='ltr'>entra</span> <span class='ocrx_word' id='word_1_119' title='bbox 468 1692 604 1758; x_wconf 87' lang='lat' dir='ltr'>ordinem</span> <span class='ocrx_word' id='word_1_120' title='bbox 620 1692 748 1775; x_wconf 87' lang='lat' dir='ltr'>Legato,</span> <span class='ocrx_word' id='word_1_121' title='bbox 772 1711 808 1758; x_wconf 88' lang='lat' dir='ltr'>ac</span> <span class='ocrx_word' id='word_1_122' title='bbox 823 1691 920 1758; x_wconf 88' lang='lat' dir='ltr'>nobili</span> <span class='ocrx_word' id='word_1_123' title='bbox 935 1691 1012 1757; x_wconf 90' lang='lat' dir='ltr'>itam</span> <span class='ocrx_word' id='word_1_124' title='bbox 1026 1692 1092 1758; x_wconf 89' lang='lat' dir='ltr'>viro</span> <span class='ocrx_word' id='word_1_125' title='bbox 1116 1691 1228 1757; x_wconf 89' lang='lat' dir='ltr'>comite</span> <span class='ocrx_word' id='word_1_126' title='bbox 1250 1691 1289 1756; x_wconf 94' lang='grc'>16</span> <span class='ocrx_word' id='word_1_127' title='bbox 1311 1691 1429 1758; x_wconf 77' lang='lat' dir='ltr'>Boutt-</span> 
     </span>
     <span class='ocr_line' id='line_1_15' title="bbox 189 1793 1431 1882; baseline -0.001 -19"><span class='ocrx_word' id='word_1_128' title='bbox 189 1799 252 1864; x_wconf 85' lang='lat' dir='ltr'>neff</span> <span class='ocrx_word' id='word_1_129' title='bbox 275 1797 413 1882; x_wconf 88' lang='lat' dir='ltr'>ejusdem</span> <span class='ocrx_word' id='word_1_130' title='bbox 438 1795 584 1880; x_wconf 89' lang='lat' dir='ltr'>principis</span> <span class='ocrx_word' id='word_1_131' title='bbox 613 1793 694 1878; x_wconf 88' lang='lat' dir='ltr'>apud</span> <span class='ocrx_word' id='word_1_132' title='bbox 714 1814 775 1860; x_wconf 88' lang='lat' dir='ltr'>nos</span> <span class='ocrx_word' id='word_1_133' title='bbox 801 1797 834 1861; x_wconf 91' lang='grc'>61</span> <span class='ocrx_word' id='word_1_134' title='bbox 859 1795 939 1860; x_wconf 88' lang='lat' dir='ltr'>hauc</span> <span class='ocrx_word' id='word_1_135' title='bbox 961 1795 1172 1879; x_wconf 66' lang='lat' dir='ltr'>apostolicam</span> <span class='ocrx_word' id='word_1_136' title='bbox 1191 1794 1302 1860; x_wconf 83' lang='lat' dir='ltr'>Sedem</span> <span class='ocrx_word' id='word_1_137' title='bbox 1323 1796 1431 1880; x_wconf 87' lang='lat' dir='ltr'>legato</span> 
     </span>
     <span class='ocr_line' id='line_1_16' title="bbox 190 1899 1432 1983; baseline -0.002 -15"><span class='ocrx_word' id='word_1_138' title='bbox 190 1901 428 1968; x_wconf 81' lang='lat' dir='ltr'>extraordinario</span> <span class='ocrx_word' id='word_1_139' title='bbox 444 1902 477 1966; x_wconf 91' lang='lat' dir='ltr'>et</span> <span class='ocrx_word' id='word_1_140' title='bbox 490 1901 634 1966; x_wconf 85' lang='lat' dir='ltr'>Ministro</span> <span class='ocrx_word' id='word_1_141' title='bbox 649 1899 918 1983; x_wconf 89' lang='lat' dir='ltr'>plenipotentiario</span> <span class='ocrx_word' id='word_1_142' title='bbox 933 1899 971 1964; x_wconf 90' lang='lat' dir='ltr'>de</span> <span class='ocrx_word' id='word_1_143' title='bbox 986 1899 1089 1978; x_wconf 88' lang='lat' dir='ltr'>variis,</span> <span class='ocrx_word' id='word_1_144' title='bbox 1113 1899 1315 1983; x_wconf 86' lang='lat' dir='ltr'>maximisque</span> <span class='ocrx_word' id='word_1_145' title='bbox 1331 1899 1432 1966; x_wconf 88' lang='lat' dir='ltr'>eccle·</span> 
     </span>
     <span class='ocr_line' id='line_1_17' title="bbox 190 2003 1431 2089; baseline 0 -20"><span class='ocrx_word' id='word_1_146' title='bbox 190 2005 253 2070; x_wconf 88' lang='lat' dir='ltr'>siae</span> <span class='ocrx_word' id='word_1_147' title='bbox 275 2006 308 2070; x_wconf 95' lang='lat' dir='ltr'>in</span> <span class='ocrx_word' id='word_1_148' title='bbox 323 2006 497 2072; x_wconf 89' lang='lat' dir='ltr'>vastissimo</span> <span class='ocrx_word' id='word_1_149' title='bbox 521 2005 575 2072; x_wconf 93' lang='lat' dir='ltr'>illo</span> <span class='ocrx_word' id='word_1_150' title='bbox 597 2005 724 2089; x_wconf 86' lang='lat' dir='ltr'>imperio</span> <span class='ocrx_word' id='word_1_151' title='bbox 746 2005 837 2070; x_wconf 90' lang='lat' dir='ltr'>rebus</span> <span class='ocrx_word' id='word_1_152' title='bbox 860 2003 1079 2069; x_wconf 84' lang='lat' dir='ltr'>tractationem</span> <span class='ocrx_word' id='word_1_153' title='bbox 1094 2003 1273 2087; x_wconf 90' lang='lat' dir='ltr'>susciperet,</span> <span class='ocrx_word' id='word_1_154' title='bbox 1297 2022 1356 2087; x_wconf 92' lang='lat' dir='ltr'>quo</span> <span class='ocrx_word' id='word_1_155' title='bbox 1374 2023 1431 2069; x_wconf 93' lang='lat' dir='ltr'>nos</span> 
     </span>
     <span class='ocr_line' id='line_1_18' title="bbox 189 2107 1432 2194; baseline 0 -20"><span class='ocrx_word' id='word_1_156' title='bbox 189 2109 310 2175; x_wconf 85' lang='lat' dir='ltr'>facilius</span> <span class='ocrx_word' id='word_1_157' title='bbox 331 2111 362 2174; x_wconf 92' lang='lat' dir='ltr'>et</span> <span class='ocrx_word' id='word_1_158' title='bbox 385 2110 556 2176; x_wconf 88' lang='lat' dir='ltr'>catholicae</span> <span class='ocrx_word' id='word_1_159' title='bbox 579 2110 738 2194; x_wconf 89' lang='lat' dir='ltr'>religionis</span> <span class='ocrx_word' id='word_1_160' title='bbox 761 2109 879 2176; x_wconf 89' lang='lat' dir='ltr'>statum</span> <span class='ocrx_word' id='word_1_161' title='bbox 902 2107 967 2173; x_wconf 89' lang='lat' dir='ltr'>illic</span> <span class='ocrx_word' id='word_1_162' title='bbox 989 2107 1021 2172; x_wconf 92' lang='lat' dir='ltr'>in</span> <span class='ocrx_word' id='word_1_163' title='bbox 1043 2107 1200 2173; x_wconf 89' lang='lat' dir='ltr'>meliorem</span> <span class='ocrx_word' id='word_1_164' title='bbox 1224 2107 1432 2174; x_wconf 89' lang='lat' dir='ltr'>conditionem</span> 
     </span>
     <span class='ocr_line' id='line_1_19' title="bbox 189 2212 1432 2297; baseline 0.001 -20"><span class='ocrx_word' id='word_1_165' title='bbox 189 2213 351 2293; x_wconf 87' lang='lat' dir='ltr'>adducere,</span> <span class='ocrx_word' id='word_1_166' title='bbox 367 2215 400 2279; x_wconf 91' lang='lat' dir='ltr'>et</span> <span class='ocrx_word' id='word_1_167' title='bbox 414 2213 598 2280; x_wconf 88' lang='lat' dir='ltr'>dilectarum</span> <span class='ocrx_word' id='word_1_168' title='bbox 613 2215 739 2280; x_wconf 88' lang='lat' dir='ltr'>illarum</span> <span class='ocrx_word' id='word_1_169' title='bbox 755 2213 857 2279; x_wconf 86' lang='lat' dir='ltr'>ovium</span> <span class='ocrx_word' id='word_1_170' title='bbox 874 2212 970 2278; x_wconf 85' lang='lat' dir='ltr'>saluti</span> <span class='ocrx_word' id='word_1_171' title='bbox 984 2213 1141 2278; x_wconf 90' lang='lat' dir='ltr'>consulere</span> <span class='ocrx_word' id='word_1_172' title='bbox 1157 2232 1323 2297; x_wconf 89' lang='lat' dir='ltr'>possamus.</span> <span class='ocrx_word' id='word_1_173' title='bbox 1356 2213 1432 2278; x_wconf 84' lang='lat' dir='ltr'>Jam</span> 
     </span>
     <span class='ocr_line' id='line_1_20' title="bbox 189 2316 1431 2401; baseline -0.001 -18"><span class='ocrx_word' id='word_1_174' title='bbox 189 2337 260 2383; x_wconf 91' lang='lat' dir='ltr'>vero</span> <span class='ocrx_word' id='word_1_175' title='bbox 275 2317 422 2384; x_wconf 86' lang='lat' dir='ltr'>hodierno</span> <span class='ocrx_word' id='word_1_176' title='bbox 437 2317 487 2382; x_wconf 90' lang='lat' dir='ltr'>die</span> <span class='ocrx_word' id='word_1_177' title='bbox 508 2318 594 2384; x_wconf 87' lang='lat' dir='ltr'>vobis</span> <span class='ocrx_word' id='word_1_178' title='bbox 618 2318 837 2384; x_wconf 88' lang='lat' dir='ltr'>annuutiamus</span> <span class='ocrx_word' id='word_1_179' title='bbox 860 2337 935 2400; x_wconf 89' lang='lat' dir='ltr'>quos</span> <span class='ocrx_word' id='word_1_180' title='bbox 958 2316 1087 2396; x_wconf 87' lang='lat' dir='ltr'>fructus,</span> <span class='ocrx_word' id='word_1_181' title='bbox 1110 2317 1175 2383; x_wconf 88' lang='lat' dir='ltr'>Deo</span> <span class='ocrx_word' id='word_1_182' title='bbox 1190 2318 1268 2384; x_wconf 91' lang='lat' dir='ltr'>bene</span> <span class='ocrx_word' id='word_1_183' title='bbox 1288 2316 1431 2401; x_wconf 85' lang='lat' dir='ltr'>juvante,</span> 
     </span>
     <span class='ocr_line' id='line_1_21' title="bbox 189 2420 1431 2506; baseline 0.002 -20"><span class='ocrx_word' id='word_1_184' title='bbox 189 2421 476 2506; x_wconf 84' lang='lat' dir='ltr'>sollicitudinesque</span> <span class='ocrx_word' id='word_1_185' title='bbox 503 2441 654 2506; x_wconf 90' lang='lat' dir='ltr'>curaeque</span> <span class='ocrx_word' id='word_1_186' title='bbox 683 2422 806 2488; x_wconf 89' lang='lat' dir='ltr'>nostrae</span> <span class='ocrx_word' id='word_1_187' title='bbox 836 2421 870 2486; x_wconf 93' lang='lat' dir='ltr'>in</span> <span class='ocrx_word' id='word_1_188' title='bbox 892 2422 980 2487; x_wconf 90' lang='lat' dir='ltr'>tanto</span> <span class='ocrx_word' id='word_1_189' title='bbox 1008 2420 1180 2487; x_wconf 89' lang='lat' dir='ltr'>catholicae</span> <span class='ocrx_word' id='word_1_190' title='bbox 1203 2421 1349 2487; x_wconf 89' lang='lat' dir='ltr'>ecclesiae</span> <span class='ocrx_word' id='word_1_191' title='bbox 1374 2441 1431 2488; x_wconf 90' lang='lat' dir='ltr'>ne·</span> 
     </span>
     <span class='ocr_line' id='line_1_22' title="bbox 189 2523 1433 2608; baseline 0.001 -19"><span class='ocrx_word' id='word_1_192' title='bbox 189 2525 274 2608; x_wconf 88' lang='lat' dir='ltr'>gotio</span> <span class='ocrx_word' id='word_1_193' title='bbox 289 2524 351 2590; x_wconf 89' lang='lat' dir='ltr'>sint</span> <span class='ocrx_word' id='word_1_194' title='bbox 373 2527 588 2608; x_wconf 84' lang='lat' dir='ltr'>consequutus.</span> <span class='ocrx_word' id='word_1_195' title='bbox 632 2525 677 2590; x_wconf 87' lang='lat' dir='ltr'>Ac</span> <span class='ocrx_word' id='word_1_196' title='bbox 693 2525 827 2608; x_wconf 89' lang='lat' dir='ltr'>primum</span> <span class='ocrx_word' id='word_1_197' title='bbox 843 2543 997 2590; x_wconf 87' lang='lat' dir='ltr'>summam</span> <span class='ocrx_word' id='word_1_198' title='bbox 1013 2523 1108 2588; x_wconf 88' lang='lat' dir='ltr'>animi</span> <span class='ocrx_word' id='word_1_199' title='bbox 1130 2523 1228 2590; x_wconf 91' lang='lat' dir='ltr'>nostri</span> <span class='ocrx_word' id='word_1_200' title='bbox 1247 2524 1433 2590; x_wconf 90' lang='lat' dir='ltr'>consolatio-</span> 
     </span>
     <span class='ocr_line' id='line_1_23' title="bbox 190 2627 1433 2711; baseline 0 -19"><span class='ocrx_word' id='word_1_201' title='bbox 190 2647 260 2692; x_wconf 91' lang='lat' dir='ltr'>nem</span> <span class='ocrx_word' id='word_1_202' title='bbox 282 2628 440 2692; x_wconf 88' lang='lat' dir='ltr'>vobiscum</span> <span class='ocrx_word' id='word_1_203' title='bbox 462 2629 625 2711; x_wconf 87' lang='lat' dir='ltr'>partimur,</span> <span class='ocrx_word' id='word_1_204' title='bbox 648 2627 845 2694; x_wconf 71' lang='lat' dir='ltr'>venerabiles</span> <span class='ocrx_word' id='word_1_205' title='bbox 871 2627 1007 2708; x_wconf 77' lang='lat' dir='ltr'>Fratres,</span> <span class='ocrx_word' id='word_1_206' title='bbox 1030 2627 1109 2711; x_wconf 91' lang='lat' dir='ltr'>quod</span> <span class='ocrx_word' id='word_1_207' title='bbox 1132 2627 1165 2692; x_wconf 92' lang='lat' dir='ltr'>in</span> <span class='ocrx_word' id='word_1_208' title='bbox 1187 2627 1245 2692; x_wconf 92' lang='lat' dir='ltr'>hoc</span> <span class='ocrx_word' id='word_1_209' title='bbox 1270 2627 1336 2710; x_wconf 91' lang='lat' dir='ltr'>ipso</span> <span class='ocrx_word' id='word_1_210' title='bbox 1359 2645 1433 2692; x_wconf 92' lang='lat' dir='ltr'>oon·</span> 
     </span>
     <span class='ocr_line' id='line_1_24' title="bbox 190 2729 1432 2816; baseline -0.001 -21"><span class='ocrx_word' id='word_1_211' title='bbox 190 2731 312 2796; x_wconf 88' lang='lat' dir='ltr'>sistcrio</span> <span class='ocrx_word' id='word_1_212' title='bbox 328 2732 489 2797; x_wconf 88' lang='lat' dir='ltr'>nonnullas</span> <span class='ocrx_word' id='word_1_213' title='bbox 504 2733 536 2796; x_wconf 94' lang='lat' dir='ltr'>in</span> <span class='ocrx_word' id='word_1_214' title='bbox 551 2732 605 2798; x_wconf 92' lang='lat' dir='ltr'>illc</span> <span class='ocrx_word' id='word_1_215' title='bbox 627 2732 756 2816; x_wconf 88' lang='lat' dir='ltr'>imperio</span> <span class='ocrx_word' id='word_1_216' title='bbox 778 2731 870 2796; x_wconf 86' lang='lat' dir='ltr'>latini</span> <span class='ocrx_word' id='word_1_217' title='bbox 890 2731 970 2796; x_wconf 89' lang='lat' dir='ltr'>ritus</span> <span class='ocrx_word' id='word_1_218' title='bbox 993 2731 1137 2812; x_wconf 91' lang='lat' dir='ltr'>ecclesias</span> <span class='ocrx_word' id='word_1_219' title='bbox 1159 2730 1306 2795; x_wconf 90' lang='lat' dir='ltr'>diuturna</span> <span class='ocrx_word' id='word_1_220' title='bbox 1329 2729 1432 2795; x_wconf 90' lang='lat' dir='ltr'>vidui-</span> 
     </span>
     <span class='ocr_line' id='line_1_25' title="bbox 188 2833 1432 2918; baseline 0 -18"><span class='ocrx_word' id='word_1_221' title='bbox 188 2835 257 2900; x_wconf 87' lang='lat' dir='ltr'>tate</span> <span class='ocrx_word' id='word_1_222' title='bbox 282 2835 393 2902; x_wconf 90' lang='lat' dir='ltr'>misere</span> <span class='ocrx_word' id='word_1_223' title='bbox 419 2837 551 2902; x_wconf 85' lang='lat' dir='ltr'>afflictas</span> <span class='ocrx_word' id='word_1_224' title='bbox 576 2855 732 2916; x_wconf 83' lang='lat' dir='ltr'>recreare,</span> <span class='ocrx_word' id='word_1_225' title='bbox 763 2855 874 2918; x_wconf 90' lang='lat' dir='ltr'>easque</span> <span class='ocrx_word' id='word_1_226' title='bbox 901 2835 1018 2900; x_wconf 90' lang='lat' dir='ltr'>idoneis</span> <span class='ocrx_word' id='word_1_227' title='bbox 1046 2834 1221 2918; x_wconf 88' lang='lat' dir='ltr'>pastoribus</span> <span class='ocrx_word' id='word_1_228' title='bbox 1250 2833 1432 2900; x_wconf 87' lang='lat' dir='ltr'>concredere</span> 
     </span>
     <span class='ocr_line' id='line_1_26' title="bbox 189 2929 1431 3024; baseline -0.002 -20"><span class='ocrx_word' id='word_1_229' title='bbox 189 2939 337 3018; x_wconf 85' lang='lat' dir='ltr'>valemus,</span> <span class='ocrx_word' id='word_1_230' title='bbox 360 2941 392 3005; x_wconf 90' lang='lat' dir='ltr'>et</span> <span class='ocrx_word' id='word_1_231' title='bbox 411 2941 644 3024; x_wconf 69' lang='lat' dir='ltr'>&#39;quamprimum</span> <span class='ocrx_word' id='word_1_232' title='bbox 671 2941 748 3006; x_wconf 89' lang='lat' dir='ltr'>alias</span> <span class='ocrx_word' id='word_1_233' title='bbox 775 2958 893 3023; x_wconf 89' lang='lat' dir='ltr'>qnoque</span> <span class='ocrx_word' id='word_1_234' title='bbox 919 2939 986 3003; x_wconf 90' lang='lat' dir='ltr'>tum</span> <span class='ocrx_word' id='word_1_235' title='bbox 1009 2937 1042 3002; x_wconf 92' lang='lat' dir='ltr'>in</span> <span class='ocrx_word' id='word_1_236' title='bbox 1063 2929 1192 3021; x_wconf 87' lang='lat' dir='ltr'>imperio</span> <span class='ocrx_word' id='word_1_237' title='bbox 1206 2938 1283 3021; x_wconf 89' lang='lat' dir='ltr'>ipso,</span> <span class='ocrx_word' id='word_1_238' title='bbox 1306 2938 1375 3002; x_wconf 90' lang='lat' dir='ltr'>tum</span> <span class='ocrx_word' id='word_1_239' title='bbox 1396 2936 1431 3002; x_wconf 93' lang='lat' dir='ltr'>in</span> 
     </span>
     <span class='ocr_line' id='line_1_27' title="bbox 189 3040 1432 3129; baseline 0.001 -22"><span class='ocrx_word' id='word_1_240' title='bbox 189 3042 452 3129; x_wconf 86' lang='lat' dir='ltr'>Polcniae·regno</span> <span class='ocrx_word' id='word_1_241' title='bbox 468 3043 521 3110; x_wconf 91' lang='lat' dir='ltr'>diu</span> <span class='ocrx_word' id='word_1_242' title='bbox 543 3045 688 3110; x_wconf 85' lang='lat' dir='ltr'>vacantes</span> <span class='ocrx_word' id='word_1_243' title='bbox 705 3043 849 3108; x_wconf 88' lang='lat' dir='ltr'>ecclesias</span> <span class='ocrx_word' id='word_1_244' title='bbox 872 3042 936 3106; x_wconf 88' lang='lat' dir='ltr'>suis</span> <span class='ocrx_word' id='word_1_245' title='bbox 960 3040 1155 3106; x_wconf 88' lang='lat' dir='ltr'>antistitibus</span> <span class='ocrx_word' id='word_1_246' title='bbox 1174 3040 1328 3107; x_wconf 87' lang='lat' dir='ltr'>instruere</span> <span class='ocrx_word' id='word_1_247' title='bbox 1343 3043 1432 3126; x_wconf 90' lang='lat' dir='ltr'>pote·</span> 
     </span>
     <span class='ocr_line' id='line_1_28' title="bbox 189 3141 1431 3230; baseline -0.001 -18"><span class='ocrx_word' id='word_1_248' title='bbox 189 3147 296 3226; x_wconf 85' lang='grc'><strong>111666,</strong></span> <span class='ocrx_word' id='word_1_249' title='bbox 318 3146 372 3230; x_wconf 91' lang='lat' dir='ltr'>qui</span> <span class='ocrx_word' id='word_1_250' title='bbox 387 3145 658 3212; x_wconf 88' lang='lat' dir='ltr'>commissamsibi</span> <span class='ocrx_word' id='word_1_251' title='bbox 680 3165 808 3230; x_wconf 87' lang='lat' dir='ltr'>gregem</span> <span class='ocrx_word' id='word_1_252' title='bbox 831 3145 871 3210; x_wconf 89' lang='lat' dir='ltr'>ad</span> <span class='ocrx_word' id='word_1_253' title='bbox 886 3143 997 3209; x_wconf 88' lang='lat' dir='ltr'>salutis</span> <span class='ocrx_word' id='word_1_254' title='bbox 1018 3144 1163 3209; x_wconf 89' lang='lat' dir='ltr'>semitam</span> <span class='ocrx_word' id='word_1_255' title='bbox 1184 3141 1333 3211; x_wconf 87' lang='lat' dir='ltr'>deducere</span> <span class='ocrx_word' id='word_1_256' title='bbox 1357 3165 1431 3211; x_wconf 86' lang='lat' dir='ltr'>cou-</span> 
     </span>
     <span class='ocr_line' id='line_1_29' title="bbox 190 3246 1432 3334; baseline -0.002 -18"><span class='ocrx_word' id='word_1_257' title='bbox 190 3251 328 3316; x_wconf 88' lang='lat' dir='ltr'>tendant.</span> <span class='ocrx_word' id='word_1_258' title='bbox 376 3249 586 3316; x_wconf 79' lang='lat' dir='ltr'>Constitutum</span> <span class='ocrx_word' id='word_1_259' title='bbox 604 3251 707 3315; x_wconf 90' lang='lat' dir='ltr'>autem</span> <span class='ocrx_word' id='word_1_260' title='bbox 724 3250 781 3327; x_wconf 91' lang='lat' dir='ltr'>ast,</span> <span class='ocrx_word' id='word_1_261' title='bbox 805 3249 842 3313; x_wconf 90' lang='lat' dir='ltr'>ut</span> <span class='ocrx_word' id='word_1_262' title='bbox 856 3249 889 3312; x_wconf 94' lang='lat' dir='ltr'>in</span> <span class='ocrx_word' id='word_1_263' title='bbox 904 3249 979 3313; x_wconf 90' lang='lat' dir='ltr'>urbe</span> <span class='ocrx_word' id='word_1_264' title='bbox 996 3246 1183 3314; x_wconf 81' lang='lat' dir='ltr'>Chersoneso</span> <span class='ocrx_word' id='word_1_265' title='bbox 1198 3268 1276 3314; x_wconf 86' lang='lat' dir='ltr'>nova</span> <span class='ocrx_word' id='word_1_266' title='bbox 1292 3247 1432 3334; x_wconf 86' lang='lat' dir='ltr'>erigatur</span> 
     </span>
     <span class='ocr_line' id='line_1_30' title="bbox 189 3351 1432 3440; baseline -0.002 -19"><span class='ocrx_word' id='word_1_267' title='bbox 189 3355 370 3440; x_wconf 90' lang='lat' dir='ltr'>episcopalis</span> <span class='ocrx_word' id='word_1_268' title='bbox 385 3355 481 3432; x_wconf 90' lang='lat' dir='ltr'>sedes,</span> <span class='ocrx_word' id='word_1_269' title='bbox 506 3373 582 3436; x_wconf 89' lang='lat' dir='ltr'>quae</span> <span class='ocrx_word' id='word_1_270' title='bbox 598 3373 687 3418; x_wconf 89' lang='lat' dir='ltr'>suum</span> <span class='ocrx_word' id='word_1_271' title='bbox 710 3353 824 3418; x_wconf 88' lang='lat' dir='ltr'>habeat</span> <span class='ocrx_word' id='word_1_272' title='bbox 847 3351 1060 3418; x_wconf 88' lang='lat' dir='ltr'>canonicorum</span> <span class='ocrx_word' id='word_1_273' title='bbox 1083 3351 1259 3436; x_wconf 86' lang='lat' dir='ltr'>collegium,</span> <span class='ocrx_word' id='word_1_274' title='bbox 1284 3353 1432 3420; x_wconf 84' lang='grc'><strong>6166161-</strong></span> 
     </span>
     <span class='ocr_line' id='line_1_31' title="bbox 190 3455 1431 3540; baseline -0.001 -16"><span class='ocrx_word' id='word_1_275' title='bbox 190 3459 312 3524; x_wconf 89' lang='lat' dir='ltr'>narium</span> <span class='ocrx_word' id='word_1_276' title='bbox 335 3457 373 3522; x_wconf 91' lang='lat' dir='ltr'>ad</span> <span class='ocrx_word' id='word_1_277' title='bbox 398 3455 527 3524; x_wconf 75' lang='lat' dir='ltr'>Consilii</span> <span class='ocrx_word' id='word_1_278' title='bbox 552 3457 714 3522; x_wconf 87' lang='lat' dir='ltr'>tridentini</span> <span class='ocrx_word' id='word_1_279' title='bbox 739 3475 894 3536; x_wconf 88' lang='lat' dir='ltr'>normam,</span> <span class='ocrx_word' id='word_1_280' title='bbox 923 3475 958 3520; x_wconf 90' lang='lat' dir='ltr'>ao</span> <span class='ocrx_word' id='word_1_281' title='bbox 985 3456 1214 3540; x_wconf 86' lang='lat' dir='ltr'>suffraganeum</span> <span class='ocrx_word' id='word_1_282' title='bbox 1243 3457 1276 3520; x_wconf 94' lang='lat' dir='ltr'>in</span> <span class='ocrx_word' id='word_1_283' title='bbox 1305 3457 1431 3524; x_wconf 86' lang='lat' dir='ltr'>civitate</span> 
     </span>
     <span class='ocr_line' id='line_1_32' title="bbox 175 3559 1431 3647; baseline 0.001 -21"><span class='ocrx_word' id='word_1_284' title='bbox 175 3560 369 3638; x_wconf 78' lang='lat' dir='ltr'>‚Saratovia3</span> <span class='ocrx_word' id='word_1_285' title='bbox 392 3561 487 3646; x_wconf 91' lang='lat' dir='ltr'>utque</span> <span class='ocrx_word' id='word_1_286' title='bbox 512 3580 564 3626; x_wconf 84' lang='lat' dir='ltr'>sex</span> <span class='ocrx_word' id='word_1_287' title='bbox 587 3561 665 3626; x_wconf 88' lang='lat' dir='ltr'>aliae</span> <span class='ocrx_word' id='word_1_288' title='bbox 691 3561 844 3626; x_wconf 89' lang='lat' dir='ltr'>dioeceses</span> <span class='ocrx_word' id='word_1_289' title='bbox 869 3559 961 3626; x_wconf 90' lang='lat' dir='ltr'>latini</span> <span class='ocrx_word' id='word_1_290' title='bbox 984 3560 1061 3626; x_wconf 89' lang='lat' dir='ltr'>item</span> <span class='ocrx_word' id='word_1_291' title='bbox 1084 3559 1163 3626; x_wconf 86' lang='lat' dir='ltr'>ritus</span> <span class='ocrx_word' id='word_1_292' title='bbox 1185 3561 1217 3625; x_wconf 89' lang='lat' dir='ltr'>iu</span> <span class='ocrx_word' id='word_1_293' title='bbox 1233 3560 1287 3627; x_wconf 93' lang='lat' dir='ltr'>illo</span> <span class='ocrx_word' id='word_1_294' title='bbox 1303 3561 1431 3647; x_wconf 89' lang='lat' dir='ltr'>imperio</span> 
     </span>
     <span class='ocr_line' id='line_1_33' title="bbox 187 3664 1431 3752; baseline 0.001 -22"><span class='ocrx_word' id='word_1_295' title='bbox 187 3665 254 3752; x_wconf 89' lang='lat' dir='ltr'>jam</span> <span class='ocrx_word' id='word_1_296' title='bbox 277 3664 441 3730; x_wconf 80' lang='lat' dir='ltr'>existentes</span> <span class='ocrx_word' id='word_1_297' title='bbox 461 3665 547 3730; x_wconf 84' lang='lat' dir='ltr'>novis</span> <span class='ocrx_word' id='word_1_298' title='bbox 567 3665 859 3730; x_wconf 87' lang='lat' dir='ltr'>circumscribantur</span> <span class='ocrx_word' id='word_1_299' title='bbox 881 3664 1044 3744; x_wconf 81' lang='lat' dir='ltr'>limitibus,</span> <span class='ocrx_word' id='word_1_300' title='bbox 1069 3665 1327 3748; x_wconf 88' lang='lat' dir='ltr'>quemadmodum</span> <span class='ocrx_word' id='word_1_301' title='bbox 1349 3667 1431 3731; x_wconf 88' lang='lat' dir='ltr'>clare</span> 
     </span>
     <span class='ocr_line' id='line_1_34' title="bbox 191 3769 1432 3854; baseline -0.004 -16"><span class='ocrx_word' id='word_1_302' title='bbox 191 3771 355 3854; x_wconf 88' lang='lat' dir='ltr'>aperteque</span> <span class='ocrx_word' id='word_1_303' title='bbox 376 3769 587 3854; x_wconf 84' lang='lat' dir='ltr'>congnoscatis</span> <span class='ocrx_word' id='word_1_304' title='bbox 615 3788 650 3834; x_wconf 83' lang='lat' dir='ltr'>er</span> <span class='ocrx_word' id='word_1_305' title='bbox 677 3769 853 3852; x_wconf 81' lang='lat' dir='ltr'>apostolicis</span> <span class='ocrx_word' id='word_1_306' title='bbox 876 3769 1001 3849; x_wconf 87' lang='lat' dir='ltr'>litteris,</span> <span class='ocrx_word' id='word_1_307' title='bbox 1026 3789 1102 3852; x_wconf 86' lang='lat' dir='ltr'>quas</span> <span class='ocrx_word' id='word_1_308' title='bbox 1127 3769 1186 3836; x_wconf 89' lang='lat' dir='ltr'>hac</span> <span class='ocrx_word' id='word_1_309' title='bbox 1213 3788 1304 3852; x_wconf 86' lang='lat' dir='ltr'>super</span> <span class='ocrx_word' id='word_1_310' title='bbox 1329 3789 1371 3847; x_wconf 92' lang='grc'>16,</span> <span class='ocrx_word' id='word_1_311' title='bbox 1395 3770 1432 3833; x_wconf 90' lang='lat' dir='ltr'>ut</span> 
     </span>
     <span class='ocr_line' id='line_1_35' title="bbox 190 3873 1431 3956; baseline -0.005 -14"><span class='ocrx_word' id='word_1_312' title='bbox 190 3875 284 3942; x_wconf 87' lang='lat' dir='ltr'>moris</span> <span class='ocrx_word' id='word_1_313' title='bbox 300 3876 357 3954; x_wconf 91' lang='grc'><strong>661,</strong></span> <span class='ocrx_word' id='word_1_314' title='bbox 381 3874 430 3939; x_wconf 91' lang='grc'>611</span> <span class='ocrx_word' id='word_1_315' title='bbox 445 3873 670 3940; x_wconf 85' lang='lat' dir='ltr'>mandavimus.</span> <span class='ocrx_word' id='word_1_316' title='bbox 715 3873 803 3956; x_wconf 79' lang='lat' dir='ltr'>Quod</span> <span class='ocrx_word' id='word_1_317' title='bbox 826 3874 908 3939; x_wconf 87' lang='lat' dir='ltr'>enirn</span> <span class='ocrx_word' id='word_1_318' title='bbox 924 3874 1038 3940; x_wconf 91' lang='lat' dir='ltr'>attinet</span> <span class='ocrx_word' id='word_1_319' title='bbox 1060 3873 1100 3939; x_wconf 87' lang='lat' dir='ltr'>ad</span> <span class='ocrx_word' id='word_1_320' title='bbox 1119 3873 1271 3940; x_wconf 90' lang='lat' dir='ltr'>dioeceses</span> <span class='ocrx_word' id='word_1_321' title='bbox 1292 3873 1324 3936; x_wconf 88' lang='lat' dir='ltr'>iu</span> <span class='ocrx_word' id='word_1_322' title='bbox 1340 3873 1431 3937; x_wconf 93' lang='lat' dir='ltr'>Polo-</span> 
     </span>
     <span class='ocr_line' id='line_1_36' title="bbox 190 3973 1429 4062; baseline -0.008 -17"><span class='ocrx_word' id='word_1_323' title='bbox 190 3979 259 4047; x_wconf 91' lang='lat' dir='ltr'>niaa</span> <span class='ocrx_word' id='word_1_324' title='bbox 274 3997 369 4062; x_wconf 86' lang='lat' dir='ltr'>regno</span> <span class='ocrx_word' id='word_1_325' title='bbox 385 3977 470 4056; x_wconf 86' lang='lat' dir='ltr'>sitas,</span> <span class='ocrx_word' id='word_1_326' title='bbox 493 3979 611 4044; x_wconf 89' lang='lat' dir='ltr'>nullam</span> <span class='ocrx_word' id='word_1_327' title='bbox 627 3978 700 4044; x_wconf 87' lang='lat' dir='ltr'>illae</span> <span class='ocrx_word' id='word_1_328' title='bbox 715 3977 965 4044; x_wconf 88' lang='lat' dir='ltr'>immutationem</span> <span class='ocrx_word' id='word_1_329' title='bbox 982 3977 1151 4061; x_wconf 86' lang='lat' dir='ltr'>patiuntur,</span> <span class='ocrx_word' id='word_1_330' title='bbox 1176 3975 1334 4058; x_wconf 88' lang='lat' dir='ltr'>propterea</span> <span class='ocrx_word' id='word_1_331' title='bbox 1349 3973 1429 4054; x_wconf 93' lang='lat' dir='ltr'>quod</span> 
     </span>
     <span class='ocr_line' id='line_1_37' title="bbox 190 4076 1430 4166; baseline -0.007 -16"><span class='ocrx_word' id='word_1_332' title='bbox 190 4083 346 4150; x_wconf 87' lang='lat' dir='ltr'>statutum</span> <span class='ocrx_word' id='word_1_333' title='bbox 361 4081 431 4161; x_wconf 86' lang='grc'><strong>1611,</strong></span> <span class='ocrx_word' id='word_1_334' title='bbox 454 4083 637 4166; x_wconf 86' lang='lat' dir='ltr'>apostolicas</span> <span class='ocrx_word' id='word_1_335' title='bbox 652 4081 789 4148; x_wconf 87' lang='lat' dir='ltr'>Litteras</span> <span class='ocrx_word' id='word_1_336' title='bbox 805 4101 823 4146; x_wconf 89' lang='lat' dir='ltr'>a</span> <span class='ocrx_word' id='word_1_337' title='bbox 837 4081 887 4146; x_wconf 84' lang='lat' dir='ltr'>sel.</span> <span class='ocrx_word' id='word_1_338' title='bbox 903 4100 962 4146; x_wconf 85' lang='lat' dir='ltr'>rec.</span> <span class='ocrx_word' id='word_1_339' title='bbox 983 4081 1039 4144; x_wconf 92' lang='lat' dir='ltr'>Pio</span> <span class='ocrx_word' id='word_1_340' title='bbox 1053 4079 1124 4144; x_wconf 89' lang='lat' dir='ltr'>VII.</span> <span class='ocrx_word' id='word_1_341' title='bbox 1148 4079 1303 4142; x_wconf 79' lang='lat' dir='ltr'>decessore</span> <span class='ocrx_word' id='word_1_342' title='bbox 1325 4076 1430 4141; x_wconf 89' lang='lat' dir='ltr'>nostro</span> 
     </span>
     <span class='ocr_line' id='line_1_38' title="bbox 190 4178 1430 4272; baseline -0.006 -20"><span class='ocrx_word' id='word_1_343' title='bbox 190 4185 239 4252; x_wconf 90' lang='lat' dir='ltr'>die</span> <span class='ocrx_word' id='word_1_344' title='bbox 254 4186 416 4272; x_wconf 88' lang='lat' dir='ltr'>trigesima</span> <span class='ocrx_word' id='word_1_345' title='bbox 427 4179 512 4270; x_wconf 89' lang='lat' dir='ltr'>junii</span> <span class='ocrx_word' id='word_1_346' title='bbox 531 4187 604 4251; x_wconf 89' lang='lat' dir='ltr'>anni</span> <span class='ocrx_word' id='word_1_347' title='bbox 624 4185 783 4252; x_wconf 90' lang='lat' dir='ltr'>millesimi</span> <span class='ocrx_word' id='word_1_348' title='bbox 805 4183 1054 4268; x_wconf 86' lang='lat' dir='ltr'>octingentesimi</span> <span class='ocrx_word' id='word_1_349' title='bbox 1078 4179 1190 4246; x_wconf 91' lang='lat' dir='ltr'>decimi</span> <span class='ocrx_word' id='word_1_350' title='bbox 1209 4178 1315 4245; x_wconf 82' lang='grc'><strong>661611</strong></span> <span class='ocrx_word' id='word_1_351' title='bbox 1337 4179 1430 4245; x_wconf 88' lang='grc'><strong>611116</strong></span> 
     </span>
     <span class='ocr_line' id='line_1_39' title="bbox 190 4283 1430 4372; baseline -0.006 -15"><span class='ocrx_word' id='word_1_352' title='bbox 190 4309 256 4357; x_wconf 86' lang='lat' dir='ltr'>asse</span> <span class='ocrx_word' id='word_1_353' title='bbox 269 4290 445 4358; x_wconf 81' lang='lat' dir='ltr'>servandas.</span> <span class='ocrx_word' id='word_1_354' title='bbox 491 4288 583 4354; x_wconf 90' lang='lat' dir='ltr'>Omni</span> <span class='ocrx_word' id='word_1_355' title='bbox 605 4290 729 4372; x_wconf 90' lang='lat' dir='ltr'>quidem</span> <span class='ocrx_word' id='word_1_356' title='bbox 751 4287 854 4353; x_wconf 90' lang='lat' dir='ltr'>studio</span> <span class='ocrx_word' id='word_1_357' title='bbox 878 4286 1063 4366; x_wconf 82' lang='grc'><strong>6616111666,</strong></span> <span class='ocrx_word' id='word_1_358' title='bbox 1086 4285 1122 4350; x_wconf 90' lang='lat' dir='ltr'>ut</span> <span class='ocrx_word' id='word_1_359' title='bbox 1144 4283 1293 4368; x_wconf 88' lang='lat' dir='ltr'>episcopis</span> <span class='ocrx_word' id='word_1_360' title='bbox 1315 4284 1348 4350; x_wconf 91' lang='lat' dir='ltr'>in</span> <span class='ocrx_word' id='word_1_361' title='bbox 1367 4285 1430 4350; x_wconf 91' lang='lat' dir='ltr'>suis</span> 
     </span>
     <span class='ocr_line' id='line_1_40' title="bbox 190 4388 1430 4476; baseline -0.004 -17"><span class='ocrx_word' id='word_1_362' title='bbox 190 4393 380 4460; x_wconf 87' lang='lat' dir='ltr'>dioecesibus</span> <span class='ocrx_word' id='word_1_363' title='bbox 402 4393 526 4476; x_wconf 90' lang='lat' dir='ltr'>integra</span> <span class='ocrx_word' id='word_1_364' title='bbox 541 4392 583 4457; x_wconf 93' lang='lat' dir='ltr'>sit</span> <span class='ocrx_word' id='word_1_365' title='bbox 598 4392 878 4476; x_wconf 82' lang='lat' dir='ltr'>ecclesiasticarum</span> <span class='ocrx_word' id='word_1_366' title='bbox 892 4407 993 4454; x_wconf 87' lang='lat' dir='ltr'>rerum</span> <span class='ocrx_word' id='word_1_367' title='bbox 1010 4389 1194 4473; x_wconf 89' lang='lat' dir='ltr'>procuratio,</span> <span class='ocrx_word' id='word_1_368' title='bbox 1217 4407 1276 4472; x_wconf 91' lang='lat' dir='ltr'>quo</span> <span class='ocrx_word' id='word_1_369' title='bbox 1294 4388 1354 4472; x_wconf 92' lang='lat' dir='ltr'>ipsi</span> <span class='ocrx_word' id='word_1_370' title='bbox 1375 4407 1430 4472; x_wconf 89' lang='lat' dir='ltr'>pro</span> 
     </span>
     <span class='ocr_line' id='line_1_41' title="bbox 96 4493 1431 4585; baseline -0.004 -22"><span class='ocrx_word' id='word_1_371' title='bbox 96 4504 98 4508; x_wconf 81' lang='grc'><strong>“</strong></span> <span class='ocrx_word' id='word_1_372' title='bbox 189 4495 354 4584; x_wconf 89' lang='lat' dir='ltr'>pastoralis</span> <span class='ocrx_word' id='word_1_373' title='bbox 369 4495 506 4560; x_wconf 89' lang='lat' dir='ltr'>muneris</span> <span class='ocrx_word' id='word_1_374' title='bbox 521 4495 625 4560; x_wconf 91' lang='lat' dir='ltr'>debito</span> <span class='ocrx_word' id='word_1_375' title='bbox 650 4496 682 4560; x_wconf 91' lang='lat' dir='ltr'>et</span> <span class='ocrx_word' id='word_1_376' title='bbox 700 4493 885 4560; x_wconf 87' lang='lat' dir='ltr'>catholicam</span> <span class='ocrx_word' id='word_1_377' title='bbox 900 4493 995 4585; x_wconf 84' lang='lat' dir='ltr'>fidem</span> <span class='ocrx_word' id='word_1_378' title='bbox 1017 4493 1108 4572; x_wconf 90' lang='lat' dir='ltr'>tueri,</span> <span class='ocrx_word' id='word_1_379' title='bbox 1136 4494 1169 4560; x_wconf 90' lang='lat' dir='ltr'>et</span> <span class='ocrx_word' id='word_1_380' title='bbox 1191 4493 1431 4559; x_wconf 90' lang='lat' dir='ltr'>ecclesiasticam</span> 
     </span>
    </p>
   </div>
   <div class='ocr_carea' id='block_1_5' title="bbox 192 4597 1430 4693">
    <p class='ocr_par' dir='ltr' id='par_1_5' title="bbox 192 4597 1430 4693">
     <span class='ocr_line' id='line_1_42' title="bbox 192 4597 1430 4693; baseline -0.003 -25"><span class='ocrx_word' id='word_1_381' title='bbox 192 4598 386 4690; x_wconf 86' lang='lat' dir='ltr'>disciplinam</span> <span class='ocrx_word' id='word_1_382' title='bbox 418 4599 538 4680; x_wconf 80' lang='lat' dir='ltr'>fovere,</span> <span class='ocrx_word' id='word_1_383' title='bbox 572 4600 605 4668; x_wconf 90' lang='grc'>61</span> <span class='ocrx_word' id='word_1_384' title='bbox 630 4599 738 4668; x_wconf 87' lang='lat' dir='ltr'>fideles</span> <span class='ocrx_word' id='word_1_385' title='bbox 767 4598 806 4668; x_wconf 88' lang='lat' dir='ltr'>ad</span> <span class='ocrx_word' id='word_1_386' title='bbox 839 4599 1021 4693; x_wconf 85' lang='lat' dir='ltr'>religionem</span> <span class='ocrx_word' id='word_1_387' title='bbox 1039 4611 1041 4616; x_wconf 82' lang='lat'>·</span> <span class='ocrx_word' id='word_1_388' title='bbox 1056 4599 1089 4664; x_wconf 91' lang='grc'>61</span> <span class='ocrx_word' id='word_1_389' title='bbox 1113 4597 1263 4686; x_wconf 87' lang='lat' dir='ltr'>pietatem</span> <span class='ocrx_word' id='word_1_390' title='bbox 1287 4598 1430 4680; x_wconf 82' lang='lat' dir='ltr'>formare,</span> 
     </span>
    </p>
   </div>
   <div class='ocr_carea' id='block_1_6' title="bbox 0 0 1592 5128">
    <p class='ocr_par' dir='ltr' id='par_1_6' title="bbox 0 0 1592 5128">
     <span class='ocr_line' id='line_1_43' title="bbox 0 0 1592 5128; baseline 0 0"><span class='ocrx_word' id='word_1_391' title='bbox 0 0 1592 5128; x_wconf 95' lang='lat' dir='ltr'> </span> 
     </span>
    </p>
   </div>
  </div>
 </body>
</html>
