3170 5128
159 229 217 304 86
306 245 443 302 brlrnten
462 256 509 302 rur
526 243 683 310 updlchm
701 239 870 300 moranus
890 252 950 296 uem
971 239 1009 294 rt.
1026 239 1171 296 November
1190 237 1263 292 leto.

153 433 421 519 {anncsclagitime
443 432 577 500 mamito
598 431 709 507 luerit3
730 430 845 498 ielciroc
866 447 929 496 nna
951 447 1021 494 cum
1040 426 1127 494 hisce
1148 426 1255 494 curato
1277 423 1403 494 Ocasni·

169 540 253 606 censi
273 537 431 607 Sacerdoti
454 535 666 611 Goiciminski
688 534 819 600 ulterius
845 531 974 598 eandem
996 531 1258 598 sacramentorum
1281 528 1404 613 dupon-

154 645 321 712 unomen
336 641 403 706 sine
416 641 650 722 interruptione,
675 638 855 704 continuare
868 634 1031 720 praecipio.
1076 634 1162 700 Haec
1183 632 1287 700 omnia
1300 631 1405 698 Mobi-

155 748 299 815 luciensi
312 747 351 812 ll.
363 743 398 811 O.
414 743 604 822 connstorio,
620 743 687 834 tom
702 741 833 809 nohtiae
847 758 940 826 quarn
952 738 1078 806 strictae
1093 735 1405 822 executionirgraffl,

158 865 371 920 'comrnunron
974 891 978 902 .

166 1067 252 1146 'artu
288 1091 455 1157 vernalibus
481 1093 527 1145 trs
555 1091 716 1146 trrhlschels
743 1101 793 1143 son
820 1087 939 1142 llohllow
965 1085 1172 1150 comitiari!
1199 1085 1267 1139 1882
1296 1097 1329 1138 an
1355 1083 1408 1139 ten

163 1181 255 1234 llerrn
271 1175 384 1234 muster
401 1181 446 1234 uss
465 1181 555 1234 lunare
573 1191 658 1242 regen
676 1179 722 1232 aas
741 1177 799 1230 terr
818 1174 998 1230 lathellschen
1017 1174 1201 1230 murmurium
1219 1185 1270 1226 ron
1288 1173 1408 1228 reuma

173 1277 226 1320 ron
243 1266 290 1321 tar
306 1265 582 1330 herimannitarum
600 1277 651 1318 ron
669 1263 781 1318 bibebas
797 1261 1109 1328 irremuneratam,
1133 1260 1175 1316 ule
1193 1258 1358 1314 l’larrlirche
1375 1270 1410 1314 ru

359 1415 363 1420 ⁵
644 1350 733 1404 Possin
750 1349 945 1402 auszubesaern
1210 1404 1214 1412 ,

189 1482 198 1520 ῖ
274 1468 640 1536 Romano-catholicum
673 1467 893 1532 Mobilosiense
926 1463 1140 1532 consistorium
1165 1461 1327 1530 cortinam
1352 1481 1411 1532 roe

152 1571 312 1642 framuh
325 1573 364 1638 rio
378 1591 521 1656 responso
540 1571 600 1640 sibi
621 1571 654 1636 in
674 1570 798 1654 scriptis
818 1581 837 1636 a
858 1568 1009 1654 regimine
1027 1567 1204 1653 guberniali
1216 1567 1412 1634 Vitebsoeusi

175 1678 400 1744 communicato
416 1678 455 1742 ad
470 1677 537 1760 ejus
558 1677 750 1754 relationem,
773 1675 947 1740 habeantur
960 1691 1000 1740 ne
1015 1673 1120 1757 aliqua
1133 1672 1355 1756 impedimento
1371 1671 1411 1738 ad

159 1781 410 1849 restaurandam
429 1781 593 1846 ecclesiam
615 1779 822 1863 parochialem
842 1777 954 1844 Possiu
971 1777 1005 1842 iu
1018 1776 1182 1842 Lucinensi
1204 1775 1350 1844 d'mtriotu
1367 1775 1413 1844 n-

165 1885 265 1952 -tsml
308 1884 566 1968 Responsiohaeo
580 1885 778 1968 sequentibus
793 1883 980 1955 absolvitur:
1005 1881 1098 1966 »quia
1114 1881 1206 1965 juxta
1226 1879 1413 1948 mutantium

162 1988 285 2056 ‘locuit
309 1989 385 2056 cleri
408 1989 531 2054 Bussici
552 1987 781 2071 (schismatici),
803 1986 933 2072 ulterior
958 1985 1122 2052 ermhntio
1137 1985 1294 2052 Ecclesiae
1308 1984 1415 2052 Possi-

165 2093 290 2169 =neuria
314 2091 354 2158 ed
368 2092 624 2160 corroborandum
641 2092 787 2177 spiritum
801 2090 1035 2156 Prarcslnrium
1056 2089 1324 2173 (schismaticum),
1345 2091 1415 2158 sun

177 2195 212 2260 in
225 2196 379 2278 parochiis
394 2196 467 2260 olim
483 2195 724 2274 Graeco-unita
735 2195 792 2278 qui
804 2195 944 2262 recenter
965 2193 1108 2278 religioni
1128 2193 1276 2260 Rmsioac
1298 2193 1415 2260 abbae·

178 2301 296 2376 soruut
319 2319 413 2382 qnam
433 2300 467 2364 in
488 2301 536 2377 iis,
549 2299 605 2383 qui
621 2319 660 2368 cr
673 2299 834 2367 latinismo
847 2298 888 2364 ad
902 2317 958 2366 uos
981 2299 1183 2377 transierunt,
1205 2297 1367 2381 praecipuo
1380 2297 1417 2364 in

178 2405 329 2486 paroeciis
355 2405 511 2472 Ecclesiae
534 2405 711 2472 Possinensi
731 2404 858 2482 ricinis,
881 2403 930 2470 uti
951 2403 985 2470 in
1010 2403 1187 2482 unicium,
1206 2402 1363 2470 meroem
1382 2403 1417 2470 ct

175 2507 376 2586 sinceraret,
399 2525 545 2592 magnum
575 2509 694 2576 otham
719 2527 831 2592 ponere
855 2509 955 2580 ualet:
985 2509 1019 2576 at
1046 2507 1120 2592 qnia
1141 2507 1225 2574 haud
1249 2507 1415 2590 proculab

177 2611 311 2676 ecclesis
324 2612 511 2690 Pessimum,
534 2611 637 2695 plures
660 2612 797 2682 existunt
811 2611 950 2694 capellae
962 2611 1142 2690 catholicae,
1164 2629 1296 2695 quarum
1310 2609 1417 2676 Socer·

160 2715 287 2792 :roua
317 2714 351 2780 in
372 2715 472 2782 modio
494 2715 686 2782 dominorum
711 2715 878 2782 inimicitia
902 2733 978 2800 erga
1001 2714 1230 2782 Prasosloricm
1256 2713 1417 2798 (sohmmn)

145 2857 148 2868 ·
181 2815 389 2884 laborantium
422 2819 578 2898 viventes,
618 2819 719 2886 multa
750 2819 842 2886 noxia
872 2817 1066 2903 parochianis
1095 2818 1208 2884 nostris
1243 2817 1418 2901 propinant,

158 2920 326 3006 v'spiritum
347 2922 506 3008 religionis
536 2920 777 3007 (schismaticae)
796 2925 962 3002 enemant,
990 2923 1084 3006 atque
1115 2921 1269 2988 aucstris
1293 2922 1419 3006 templis

158 3023 349 3109 &abducunt
372 3028 534 3110 propterea
554 3027 692 3111 regimen
714 3027 895 3110 guberniale
916 3025 1131 3103 Vitebscouse,
1155 3024 1196 3090 ad
1215 3026 1419 3094 restauratio·

174 3147 253 3198 uoco
275 3126 423 3196 ecclesiae
443 3129 613 3198 sethoitas
635 3130 839 3208 Pessinousis,
866 3129 955 3213 cujus
984 3128 1177 3215 praesbyteri
1197 3149 1271 3212 pros
1287 3131 1418 3210 -cstoris,

181 3233 250 3298 suis
258 3231 374 3316 iniquis
387 3233 657 3313 insinuationibus,
680 3235 864 3302 confessores
886 3232 960 3300 liclei
974 3235 1099 3300 noshae
1112 3251 1131 3298 a
1145 3233 1271 3318 templis
1290 3252 1419 3302 avoomo

182 3337 341 3413 conantur,
363 3354 545 3404 consensum
567 3357 659 3404 sunum
680 3337 754 3404 dare
775 3337 912 3422 nequit«
958 3338 1005 3404 lix
1019 3337 1113 3404 uariis
1126 3336 1318 3404 ecmonus
1332 3339 1420 3421 patet

186 3439 407 3506 l.-llcclesian1
429 3441 636 3524 parochialem
657 3441 879 3524 Pessioensem,
904 3441 1029 3526 urgenti
1053 3441 1245 3525 reumaticus
1269 3441 1420 3526 indigere,

177 3542 221 3606 ale
247 3542 335 3624 cujus
360 3543 556 3628 impetrantis
580 3546 706 3614 licenta
728 3547 796 3630 jam
821 3547 859 3612 ab
882 3547 964 3612 1848
984 3565 1042 3612 on·
1055 3565 1106 3614 res
1123 3546 1342 3631 pertractatur.
1387 3549 1418 3612 2.

183 3645 307 3724 Dictum
335 3647 499 3714 ecclesiam
525 3651 622 3729 5,(108
647 3651 905 3734 parochianorum
932 3650 1105 3736 continere:
1138 3650 1239 3734 ipsam
1267 3669 1340 3718 uero
1365 3668 1421 3734 pa·

171 3750 321 3820 ,rochiam
348 3752 388 3818 aci
411 3754 454 3818 125
482 3753 630 3822 milliaria
653 3755 802 3841 (werstp)
828 3754 1032 3840 longitudinis
1053 3755 1087 3820 et
1107 3754 1147 3820 od
1162 3756 1204 3821 20
1219 3753 1367 3823 milliaris
1387 3754 1422 3821 in

182 3853 284 3921 latum
299 3873 332 3920 sc
346 3873 379 3922 se
389 3858 565 3925 extendere.
610 3860 639 3924 3.
663 3857 938 3926 Olassilicstionem
951 3857 1208 3942 parochianorum
1229 3859 1311 3926 inter
1332 3875 1422 3926 cura·

184 3960 253 4024 tum
274 3960 461 4026 catholicum
484 3962 517 4026 et
535 3960 805 4046 Gracco-Russum
827 3962 1023 4028 conformiter
1043 3962 1198 4028 voluntati
1217 3960 1298 4028 Suae
1319 3963 1422 4046 Impe-

111 4107 119 4120 -
168 4066 316 4152 ,rnmriee
331 4065 519 4150 Maiestatis,¹
533 4067 582 4132 die
600 4068 648 4132 17.
669 4066 786 4150 Aprilis
805 4067 886 4131 1842
901 4085 950 4134 an.
966 4067 1000 4130 in
1014 4066 1138 4149 seriptis
1152 4066 1338 4143 demoratae,
1353 4065 1422 4150 jam

185 4187 222 4236 er
235 4171 358 4256 integro
381 4170 430 4236 die
446 4172 497 4235 23.
514 4170 661 4236 Octobris·
680 4173 763 4236 1843
785 4189 836 4236 an.
859 4171 1030 4236 conlectam
1050 4171 1144 4253 atque
1162 4171 1307 4236 notitiam
1328 4169 1425 4253 hujus

184 4274 231 4340 rei
255 4292 310 4356 per
334 4274 677 4340 Romano-catholicum
702 4273 931 4359 Mobyloriense
953 4273 1167 4340 consistorium
1192 4273 1423 4356 Petropolitnno

186 4378 381 4464 collegiariis
396 4379 426 4443 7.
442 4377 622 4444 Decembris
639 4377 722 4443 1843
738 4395 787 4444 an.
803 4397 833 4442 n.
853 4377 956 4444 12475
972 4377 1146 4444 officialiter
1163 4377 1422 4445 communicatam

186 4502 261 4549 esse.
313 4485 344 4553 4.
374 4484 411 4552 ln
433 4483 559 4566 speciali
585 4481 734 4548 Caesareo
759 4481 922 4561 mandam,
952 4481 991 4548 ad
1016 4481 1183 4548 Dcmirmm
1208 4481 1324 4548 Passelr
1346 4481 1422 4548 olim

186 4588 425 4678 gubernatorem
439 4587 539 4660 Albas
553 4586 684 4658 ltussiae
695 4587 784 4670 ,1795
799 4605 850 4655 an.
867 4585 949 4668 toto,
971 4605 1055 4671 nuno
1067 4603 1138 4652 uero
1153 4585 1187 4654 in
1201 4586 1306 4671 logum
1318 4583 1421 4652 codice
