3170 5128
209 241 286 322 268
356 259 493 316 onmem
510 269 558 315 zur
572 261 731 326 neminen
748 261 913 316 musanen
933 273 991 315 vam
1011 262 1051 316 ιι.
1069 261 1214 316 normae
1233 261 1305 316 ιιιι.

207 447 260 514 ubi
281 449 519 518 communicatio
544 451 611 535 ipsa
637 471 707 518 cum
730 471 790 518 non
815 453 877 519 levi
899 452 1073 518 animarum
1098 451 1284 516 detrimento
1312 451 1343 516 in
1367 469 1447 516 non·

207 551 301 616 mullis
322 553 480 638 religionis
494 557 629 641 negotiis
644 557 856 641 impcdiditur.
901 556 1069 640 loquimur
1088 555 1230 621 debonis
1251 555 1331 620 clero
1352 554 1447 619 resti-

205 655 345 736 tuendis;
365 659 521 743 loquimur
536 660 574 727 de
588 660 669 726 laico
682 680 812 744 persona
825 681 881 745 per
895 660 1086 727 Gubernium
1109 659 1209 730 eleeto
1227 659 1266 724 ab
1289 659 1448 742 episcopo-

205 779 274 826 rum
289 763 478 830 consistoriis
493 763 673 844 amovenda,
695 767 732 830 ιιι
747 765 882 849 episcopi
895 765 928 830 in
944 763 1121 848 hujusmodi
1142 762 1341 830 conventibus
1360 763 1448 828 omni

204 863 350 934 libertate
368 868 528 944 fruantur;
551 868 706 952 loquimur
726 869 765 934 de
786 870 867 953 lege,
889 889 951 952 qua
970 869 1016 934 ihi
1036 868 1135 934 mixta
1156 867 1301 951 conjugia
1320 867 1369 931 uti
1392 886 1448 932 va·
1575 857 1576 894 ³

204 971 270 1038 lida
284 990 344 1036 nou
358 973 577 1056 agnoscuntur,
593 973 652 1038 nisi
666 973 828 1057 postquam
844 973 962 1056 nuptiis
975 973 1050 1056 ipsis
1059 971 1251 1038 acatholicus
1265 972 1448 1056 praesbyter

204 1093 437 1160 graeco-rursus
457 1076 665 1155 benedixerit3
688 1077 842 1164 loquimur
857 1078 896 1144 do
910 1078 1066 1154 libertate,
1089 1096 1151 1160 qua
1172 1076 1317 1142 catholici
1330 1077 1448 1159 pollere

205 1179 321 1246 debent
335 1181 372 1246 ιιι
392 1181 637 1246 matrimoniales
658 1200 764 1248 eorum
778 1200 890 1248 causae
911 1182 945 1246 in
966 1181 1071 1248 mixtis
1092 1180 1246 1264 conjugiis
1260 1199 1280 1246 a
1293 1180 1448 1248 catholico

205 1283 357 1350 tribunali
378 1284 585 1350 ecclesiastico
614 1285 825 1368 expendantur
846 1287 879 1352 et
898 1284 1095 1368 junianum
1116 1284 1271 1368 loquimur
1292 1283 1330 1348 de
1352 1284 1448 1350 variis
1576 1344 1577 1378 ζ

205 1387 327 1471 legibus
349 1387 393 1452 ibi
419 1387 522 1467 oditis,
544 1389 656 1472 quibus
678 1391 709 1456 et
738 1389 902 1474 religiosae
924 1388 1120 1472 professionis
1145 1390 1231 1454 aetas
1252 1388 1314 1454 luit
1334 1389 1447 1472 praefi·
1576 1409 1577 1454 ι

206 1491 291 1571 uita,
318 1493 350 1558 et
379 1491 504 1558 scholae
525 1491 558 1558 iu
579 1491 794 1577 religiosorum
815 1492 958 1558 ordinum
979 1492 1108 1558 familiis
1127 1494 1203 1558 sunt
1227 1493 1350 1575 penitus
1372 1493 1447 1558 suh-

205 1596 299 1674 latae,
332 1597 365 1663 ot
396 1596 599 1680 provinciales
631 1597 840 1664 moderatores
866 1598 990 1664 ommno
1015 1597 1129 1676 amoti,
1160 1598 1194 1662 ot
1220 1597 1376 1664 conversio
1405 1596 1446 1662 ad

205 1699 390 1766 catholicam
412 1700 593 1785 religionem
615 1701 796 1784 praepedita
809 1703 903 1786 atque
917 1702 1094 1768 interdicta.
1140 1701 1244 1786 Atque
1264 1702 1373 1786 ingens
1390 1720 1446 1766 nos

206 1823 326 1889 quoque
340 1806 434 1890 urget
454 1805 632 1872 sollicitudo
654 1806 691 1870 de
713 1807 761 1872 tot
783 1806 952 1873 carissimis
967 1807 1054 1872 nohis
1068 1807 1142 1874 filiis
1155 1806 1291 1892 inalpino
1304 1806 1445 1872 Rutenao

206 1908 350 1988 cahonis,
372 1908 427 1992 qui
449 1909 538 1992 (proh
557 1910 643 1976 dolor
650 1913 671 1994 l)
693 1910 732 1976 ob
754 1909 923 1988 infandam,
946 1913 980 1976 et
1000 1929 1157 1994 nunquam
1179 1909 1257 1976 satis
1278 1907 1446 1993 lugendam
1577 1954 1578 1994 p

207 2012 410 2095 quorumdam
425 2013 605 2078 antistitum
619 2014 658 2078 ab
673 2013 732 2079 hae
746 2014 886 2079 Romana
896 2013 1035 2080 Ecclesia
1050 2013 1253 2080 defectionem
1267 2031 1321 2096 per
1334 2012 1449 2078 vastis·

206 2116 301 2180 simas
322 2115 393 2180 illas
415 2115 555 2200 regiones
574 2116 782 2182 miserandum
804 2117 837 2182 in
858 2117 984 2183 modum
1007 2117 1136 2200 dispersi
1161 2117 1194 2180 in
1218 2115 1449 2184 luctuosissima
1577 2115 1578 2142 l

207 2238 281 2286 sane
303 2219 486 2298 conditione,
508 2221 541 2284 et
556 2239 675 2286 summo
698 2222 842 2286 aeternae
864 2220 976 2286 salutis
991 2221 1169 2286 discrimine
1182 2221 1353 2299 versantem,
1376 2239 1448 2286 cum
1577 2209 1578 2216 '

208 2325 334 2389 careant
359 2323 488 2408 propriis
514 2324 675 2390 catholicis
698 2324 847 2408 episcopis
869 2326 923 2408 qui
948 2325 1018 2390 illos
1039 2345 1156 2410 regere,
1179 2326 1212 2391 et
1237 2325 1276 2391 ad
1298 2325 1449 2392 salutaria

206 2445 323 2510 pasqua
345 2429 439 2511 atque
462 2429 503 2494 ad
515 2428 658 2512 justitiae
678 2428 806 2494 semitas
830 2429 950 2507 ducere,
973 2430 1006 2494 et
1024 2429 1238 2513 spiritualibus
1254 2429 1375 2494 auxiliis
1397 2449 1448 2495 ro·

207 2530 441 2615 tenerentque
467 2533 506 2598 ab
529 2531 722 2598 inimicorum
751 2531 911 2598 hominum
939 2533 1090 2614 fallaciis,
1120 2535 1297 2614 haedibus,
1325 2533 1448 2600 insidiis

207 2632 369 2700 defendere
391 2636 518 2718 possint.
548 2636 634 2716 Quae
649 2654 722 2701 sane
737 2637 840 2702 omnia
862 2637 908 2702 ita
930 2638 1033 2704 animo
1055 2640 1159 2704 nostm
1173 2639 1297 2722 penitus
1318 2639 1448 2704 haerent
1578 2657 1579 2718 ᾗ

206 2737 316 2816 infixa,
349 2740 386 2804 ut
418 2757 488 2804 cum
513 2739 573 2805 Dei
602 2738 707 2824 gratia
738 2739 854 2804 nullam
887 2741 1106 2808 sollicitudinis
1138 2741 1294 2825 studiique
1326 2743 1448 2826 partem
1578 2787 1579 2792 ι

208 2841 351 2908 omissuri
377 2842 568 2928 simusque
594 2844 660 2908 ιιιιι
681 2843 829 2928 gravibus
854 2844 1008 2912 Ecclesiae
1033 2847 1160 2912 mucias
1179 2846 1271 2912 rebus
1288 2863 1447 2910 occurrere

206 2945 373 3014 valeamus,
417 2948 526 3032 Neque
548 2948 686 3014 animmn
710 2947 942 3030 despondemus.
985 2950 1128 3033 Namque
1149 2949 1232 3014 idem
1259 2948 1371 3014 nobilis
1399 2947 1448 3014 vir

206 3069 307 3118 comos
329 3051 368 3118 de
390 3052 535 3118 Bloudoli
552 3072 587 3118 cr
606 3053 665 3118 hoc
687 3052 762 3118 urbe
792 3050 941 3118 decedens
965 3053 1153 3137 Petropolim
1182 3053 1338 3119 rediturus
1358 3052 1448 3116 lucu-

207 3154 389 3222 lentissimis
412 3157 513 3222 verbis
528 3156 616 3222 nobis
631 3157 679 3224 est
693 3155 859 3238 pollicitus,
882 3175 915 3222 se
931 3157 970 3222 ad
985 3158 1184 3242 Imperialem
1198 3159 1231 3223 et
1243 3155 1364 3241 regiam
1377 3155 1448 3220 Ma-

204 3259 349 3342 jestatem
366 3258 460 3326 Suom
483 3263 589 3326 nostra
605 3260 757 3328 desiderio
779 3262 812 3326 ιι
833 3261 1092 3344 expostulationes
1114 3281 1179 3328 esse
1201 3261 1388 3339 delaturum,
1410 3279 1448 3326 ac

206 3363 244 3430 de
266 3363 330 3430 illis
352 3382 468 3449 magna
482 3365 594 3432 saltem
609 3384 645 3431 ex
667 3366 755 3448 parte
770 3384 876 3431 curam
891 3365 1081 3446 habiturum,
1104 3368 1264 3434 eteorum
1286 3385 1323 3432 ea
1344 3364 1448 3432 omnia

206 3466 446 3546 declaraturum,
468 3485 548 3552 quoe
570 3468 680 3534 absens
702 3469 786 3534 baud
807 3468 898 3534 facile
920 3469 1071 3552 exphcare
1092 3469 1254 3553 potuisset.

308 3570 416 3656 Nuper
442 3571 547 3636 autem
573 3589 694 3648 summa
716 3571 813 3637 animi
837 3572 935 3638 nostri
960 3572 1084 3640 laetitia
1106 3573 1321 3658 cognovimus,
1344 3573 1447 3656 ipsum

206 3672 434 3740 serenissimum
455 3674 624 3758 prinoipem
647 3676 908 3754 consensissent
928 3694 1024 3742 novus
1048 3675 1266 3742 chersonensis
1289 3677 1448 3760 episeopus

204 3776 338 3846 alterum
353 3796 472 3863 quoque
487 3781 717 3866 suffraganeum
733 3781 861 3858 habeat;
885 3781 979 3864 atque
1003 3779 1128 3865 insuper
1149 3783 1186 3848 ut
1203 3779 1448 3848 matrimoniales

205 3881 237 3946 et
253 3880 332 3948 aliae
347 3883 573 3950 ecclesiasticae
588 3904 697 3951 causae
712 3885 781 3950 tum
804 3885 837 3950 in
851 3885 1034 3950 Russiarum
1049 3885 1187 3969 imperio,
1210 3887 1278 3950 tum
1300 3885 1333 3948 in
1355 3882 1448 3948 Polo-

205 3983 274 4052 niae
296 4005 391 4072 regno
413 3988 445 4054 in
467 3990 625 4072 posterum
651 3988 798 4072 agendae,
822 3989 893 4071 post
921 3989 1055 4072 primam
1076 3985 1263 4054 senteutiam
1286 4005 1304 4050 a
1325 3983 1447 4066 proprio

205 4087 361 4158 ordinario
378 4091 486 4170 latam,
508 4092 542 4158 in
563 4092 696 4158 secundo
715 4091 941 4175 jurisdictionis
962 4091 1063 4175 gradu
1084 4091 1134 4155 vel
1149 4089 1188 4154 ad
1210 4086 1358 4170 cujusquo
1379 4102 1446 4148 me-

204 4194 369 4279 tropolitae
383 4197 522 4262 tribunal
537 4198 573 4263 ut
588 4196 681 4262 moris
702 4197 759 4274 est,
782 4195 832 4260 vel
854 4195 880 4259 si
903 4195 942 4259 ab
964 4194 1030 4276 ipso
1044 4188 1283 4274 metropohtano
1298 4188 1332 4253 in
1346 4186 1447 4272 prima

203 4297 353 4366 instantio
365 4299 523 4385 judicatae
538 4299 664 4378 fuerim,
687 4298 727 4365 ad
741 4297 918 4363 viciniorem
937 4294 1129 4362 deducantur
1153 4291 1329 4376 episcopum
1351 4311 1445 4375 pecu-

203 4401 334 4469 liaribus
363 4403 396 4469 in
421 4404 454 4468 id
479 4402 682 4470 facoltatibus
715 4401 755 4468 ad
782 4417 953 4484 congruum
979 4398 1102 4480 tempus
1128 4395 1287 4464 duraturis
1318 4398 1357 4464 ab
1387 4397 1446 4462 hac

204 4505 380 4589 Apostolics
395 4505 473 4572 Sede
487 4504 721 4582 instruendum
744 4522 780 4568 ac
795 4501 931 4586 donique,
941 4503 979 4568 ut
992 4500 1026 4566 in
1040 4501 1240 4568 ulterioribus
1263 4500 1445 4586 appellatio-

204 4597 296 4676 nibus
310 4627 415 4677 omncs
437 4610 563 4678 eaedem
578 4627 688 4678 causae
703 4608 743 4676 nd
756 4609 857 4694 ipsam
870 4605 1081 4694 Apostolioam
1096 4605 1207 4684 Sedem
1228 4603 1262 4672 in
1281 4605 1340 4672 hac
1362 4604 1446 4670 alma
