3170 5128
302 312 1125 383 commentariumcoommentarium
1144 316 1241 372 wc.
1319 301 1394 378 tau

135 505 222 572 Tibi
250 504 309 584 sit,
332 503 398 570 Noe
425 505 491 570 sine
518 503 746 570 intermissione
771 523 791 569 a
815 502 1055 570 elementissimo
1080 503 1230 571 bonorum
1254 505 1392 573 omnium

133 611 279 677 anctore
294 609 326 676 et
340 607 490 696 largitore
505 609 571 676 Deo
587 607 758 688 humiliter,
782 609 927 692 enixeque
943 625 1112 692 exposcere,
1134 610 1171 674 ut
1185 609 1392 703 Imperielem,

133 715 172 780 et
191 713 547 799 Regiam'llajestatam
559 711 658 778 Tuam
673 731 766 798 quarn
781 712 956 778 diutissime
971 711 1073 778 servat
1086 712 1282 792 incolumem,
1299 714 1393 798 atque

134 819 234 884 omni
249 836 323 884 vera
338 819 542 901 prosperitate
557 817 703 896 cumulet,
727 835 762 882 ao
784 815 964 882 recount
986 815 1122 882 instruat
1144 815 1260 884 auibus
1282 817 1322 882 ad
1343 818 1393 883 tot

133 922 278 1008 populos
294 921 366 986 Tibi
380 921 521 987 subditos
535 921 670 1006 provide,
693 921 857 1005 sapienter,
880 919 1071 1005 feliciterque
1085 919 1244 1007 regendos,
1267 939 1304 987 aa
1322 939 1392 1006 per·

18 1126 19 1129 ¹
134 1029 231 1094 fecta
246 1025 418 1092 Nobiscum
432 1027 562 1094 caritate
577 1027 756 1112 conjungat.

256 1148 379 1212 Datum
389 1147 506 1214 Romae
522 1147 603 1233 apud
615 1147 644 1215 S.
657 1145 789 1214 Mariam
805 1147 954 1232 Mej0rem
970 1147 1027 1213 sub
1043 1145 1331 1233 annulopiscatorie
1342 1145 1391 1214 die

138 1254 174 1320 4.
192 1251 335 1338 Augusti
351 1269 431 1317 aune
448 1251 541 1316 1856.

257 1369 463 1438 Pontificatus
478 1371 587 1440 Nostri
600 1372 690 1438 Auno
705 1371 883 1440 Undecimo.

644 1491 737 1561 PIUS
760 1495 822 1562 ΡΡ.
845 1493 902 1562 ΙΧ.

207 1738 295 1795 xllll.
331 1737 478 1806 lummene
496 1738 543 1795 dee
561 1739 639 1804 Mem.
658 1739 730 1805 ctist
748 1739 790 1794 bel
808 1738 894 1794 saluar
912 1743 998 1796 ernau
1016 1739 1127 1796 ludum
1145 1739 1213 1796 belm
1232 1739 1330 1798 unet.

255 1855 346 1922 Nihil
368 1858 424 1922 aut
445 1857 628 1940 optabilius,
651 1858 708 1923 aut
729 1857 980 1924 honorificentius
999 1857 1032 1922 in
1054 1857 1113 1923 hac
1133 1857 1200 1923 rite
1221 1856 1300 1922 milri
1318 1874 1392 1924 eon-

149 1963 275 2047 tiugare
290 1979 427 2044 uuquam
441 1962 574 2045 poterat,
596 1960 795 2028 Seuerissimo
810 1981 846 2027 ao
862 1961 1082 2028 Potentissime
1097 1961 1278 2046 Imperator,
1298 1979 1392 2044 quam

146 2069 184 2132 ut
212 2065 367 2150 singulari
393 2063 443 2129 Pii
469 2064 523 2131 IX.
552 2065 712 2132 Pontificis
744 2067 873 2132 Maximi
898 2065 1045 2134 beneficio
1071 2065 1120 2131 sui
1148 2063 1393 2131 Extraordinarii

148 2169 293 2238 Oratoris
307 2187 434 2234 munem
457 2169 539 2252 apud
560 2169 757 2254 Imperialem
780 2173 813 2238 et
832 2171 963 2256 Raptam
982 2171 1183 2254 Majestatem
1204 2169 1304 2234 'luam
1322 2169 1392 2238 luu-

149 2293 251 2360 garer,
274 2291 337 2356 quo
350 2273 495 2340 solemnis
511 2274 596 2338 Tuae
608 2273 866 2359 inauguratiouis
888 2275 1045 2340 occasione
1065 2273 1137 2348 Tibi
1152 2273 1315 2339 Pontificio
1337 2291 1392 2339 suo
1476 2319 1490 2332 ,-

149 2378 276 2444 nomine
290 2377 340 2442 vel
354 2377 487 2444 maxime
501 2378 677 2463 gratularer
692 2379 724 2444 et
745 2379 848 2444 fausta
864 2397 1001 2463 quaeque
1016 2397 1053 2444 ao
1068 2379 1218 2444 salutaria
1236 2396 1272 2442 ex
1290 2379 1391 2445 anima

150 2483 345 2566 adprecarer.
407 2480 494 2562 Quae
526 2482 650 2566 quidem
684 2483 854 2568 gratulatio
887 2485 919 2548 et
952 2483 1129 2567 adprecatio
1161 2502 1233 2548 ouer
1265 2482 1304 2548 ab
1337 2481 1392 2548 illo

149 2585 375 2672 proficiscatur,
391 2585 444 2670 qui
459 2585 499 2650 ds
511 2603 584 2652 vora
598 2587 736 2652 earnium
748 2605 786 2652 ae
801 2586 998 2654 Summarum
1012 2587 1197 2672 praesertim
1213 2586 1392 2670 Principum

148 2689 356 2776 prosperitate
383 2691 415 2754 et
436 2689 651 2755 incolumitate
679 2691 729 2756 vel
754 2691 886 2757 maxime
916 2693 964 2758 est
990 2691 1159 2770 sollicitus,
1190 2709 1251 2756 non
1279 2689 1393 2774 poterit
1502 2751 1507 2758 .

150 2796 225 2868 Tibi
251 2815 311 2860 nou
337 2811 403 2860 essa
433 2793 613 2878 gratissima
641 2795 675 2859 et
694 2793 928 2878 jucundissime.
984 2795 1094 2878 Itaque
1121 2813 1193 2860 cum
1217 2793 1393 2880 incredibili

150 2901 250 2992 animi
264 2899 326 2966 mei
348 2897 461 2982 gaudio
483 2897 657 2963 veneranda
681 2898 763 2963 tanti
778 2897 938 2964 Pontificls
957 2899 1110 2964 mandute
1131 2917 1298 2984 exequens,
1321 2897 1393 2964 'libi

147 3004 255 3089 palam
289 3003 471 3087 publiceque
505 3001 641 3089 declaro,
664 3001 766 3086 ipsum
793 3001 955 3067 Summum
980 3001 1162 3068 Pontificem
1194 3004 1225 3067 et
1258 3001 1394 3068 maxima

148 3107 246 3173 finisse
275 3107 420 3172 affectum
442 3106 565 3172 laetitia
588 3107 625 3172 ob
649 3105 749 3172 Tuam
772 3107 812 3172 ad
833 3106 950 3172 avitum
973 3106 1143 3172 vastissimi
1157 3106 1284 3190 Imperii
1305 3106 1392 3200 thro-

148 3231 228 3278 num
250 3211 454 3292 eveotiouam‚
480 3213 511 3276 et
534 3227 653 3277 summo
674 3211 708 3277 iu
730 3211 829 3295 pretio
852 3212 967 3278 habere
990 3210 1133 3289 eximias,
1156 3211 1267 3294 quibus
1289 3211 1394 3276 tanto·

148 3335 228 3401 pere
241 3315 387 3400 refulges,
411 3315 507 3381 animi
528 3315 706 3400 ingeniique
721 3315 819 3396 dotes,
844 3317 875 3382 et
890 3315 1024 3382 fervidas
1039 3315 1105 3380 Deo
1121 3314 1245 3399 Optimo
1259 3315 1394 3382 Maximo

148 3439 206 3504 pro
222 3421 289 3486 Tua
304 3419 529 3498 incolumitate,
553 3437 589 3484 ac
604 3437 677 3484 vara
692 3419 760 3484 Tua
782 3421 814 3486 et
836 3422 988 3504 augustae
1005 3420 1090 3485 Tuae
1104 3419 1222 3486 Domus
1244 3420 1395 3488 felicitate

151 3523 260 3590 offerre
275 3541 390 3608 preces,
414 3525 446 3588 at
467 3523 501 3588 iu
524 3524 642 3589 excelsa
666 3522 776 3609 inclyti
807 3523 867 3588 Tui
890 3524 987 3590 animi
1011 3523 1237 3608 magnitudine,
1257 3523 1393 3610 justitia,

150 3627 308 3711 aequitate
334 3627 539 3692 certissimam
566 3645 652 3710 spem
677 3623 789 3710 ponere
810 3627 884 3706 fore,
907 3628 944 3694 ut
970 3628 1141 3695 catholicae
1166 3628 1339 3714 religionis,
1363 3631 1394 3696 et

150 3730 307 3797 Ecclesiae
329 3749 388 3809 res,
412 3749 448 3796 ac
469 3731 604 3796 rationes
627 3729 660 3794 in
681 3722 881 3813 amplissimis
905 3731 980 3797 Tuis
1003 3730 1170 3797 ditionibus
1190 3733 1282 3817 juxta
1303 3733 1395 3817 pacta

150 3835 318 3914 conventa,
343 3835 374 3900 et
394 3833 570 3918 justissima
592 3833 689 3916 ipsius
709 3833 862 3900 desideria
884 3835 1004 3918 potenti
1027 3835 1094 3902 Tua
1120 3835 1305 3902 auctoritate
1328 3837 1395 3902 stu-

150 3938 323 4004 diosissime
336 4025 339 4028 Ι
353 3938 434 4004 tueri
461 3953 496 4003 ac
524 3935 685 4002 defendere
714 3937 800 4002 velis.
852 3936 937 4002 Dum
967 3939 1043 4005 hacc
1070 3939 1208 4024 ejusdem
1234 3940 1394 4006 Pontifiois

149 4043 272 4108 nomine
289 4044 320 4108 et
335 4042 495 4108 voluntate
515 4041 596 4119 Tibi,
616 4039 786 4106 clarissime
801 4041 982 4126 Imperator,
1008 4042 1182 4128 significare
1196 4045 1395 4110 vehementer

146 4146 255 4225 laetor,
279 4146 474 4230 imperialem
499 4147 531 4211 et
545 4144 678 4230 Regiam
699 4144 899 4227 Majestatem
919 4146 1018 4211 Tuam
1043 4165 1127 4232 rogo,
1150 4166 1188 4212 ue
1210 4147 1395 4232 dedignatur

148 4249 418 4334 obsequentissimi
444 4249 476 4315 et
502 4247 693 4336 gratulantis
731 4247 828 4314 animi
856 4249 919 4314 mei
947 4269 1054 4316 sensus
1084 4249 1215 4336 benigne
1246 4250 1392 4334 excipere,

148 4373 246 4438 neque
268 4353 505 4437 perhumaniter
527 4352 694 4436 respicere,
719 4352 772 4436 qui
796 4353 868 4418 dum
885 4353 997 4434 vivam,
1020 4374 1177 4440 nunquam
1201 4353 1351 4420 desistam
1374 4373 1392 4419 a

149 4456 215 4524 Deo
231 4477 400 4542 exposcere,
424 4459 460 4524 ut
477 4458 530 4537 Te,
552 4457 796 4540 praeclarissime
812 4459 993 4543 Imperator,
1015 4461 1107 4525 rebus
1122 4457 1263 4524 omuibus
1277 4457 1389 4532 dorau-

147 4561 277 4628 tissimis
295 4579 386 4644 quarn
403 4561 577 4627 diutissime
594 4563 703 4628 servet.
