3102 5124
203 251 277 327 eiu
337 259 1291 328 inflammamur-sammaa.

199 453 301 520 tute
313 451 482 520 secuudum
496 469 553 518 sua
567 450 719 517 desideria
739 450 772 514 in
786 448 1002 533 impietatibus
1016 446 1256 514 dominab'onem
1277 448 1452 530 spernant,

199 548 1451 640 ummfflmssmmmmdmcmnmmmoemmfflmQQMMffim

200 661 350 728 renent
613 699 616 706 n

302 761 842 828 lusummaveroanimiliostri
874 759 1033 826 moestitia
1064 758 1104 824 ob
1135 755 1450 822 tanbmmalorum
1537 759 1538 764 ’

200 866 391 951 coegerim,
411 884 490 950 quae
514 865 578 930 Vos
602 865 802 930 Venerabilis
826 865 971 940 Fratres,
999 864 1033 928 et
1058 860 1167 926 fidelos
1193 878 1286 924 curae
1314 857 1450 924 restrae

200 969 728 1055 commissospremitnonparum
753 963 1289 1033 cerbllosreticitetoonsolatur
1309 963 1450 1046 egregia

200 1068 1446 1154 mssamwfflmmmmbmmmmhwffimammmmmmmm

201 1174 1104 1260 oessfflmmfibmpmmfflmmmmdcmmma
1148 1171 1448 1256 fflqmmmop

202 1281 279 1347 time
293 1282 402 1360 nostis,
416 1282 526 1346 matos
538 1297 616 1358 esse,
631 1280 686 1363 qui
698 1279 944 1362 persecutionem
956 1281 1119 1363 petuntur
1132 1280 1256 1362 propter
1266 1277 1446 1360 justitiam,

201 1403 238 1451 ac
258 1383 499 1468 pulcherrimum
513 1385 546 1449 et
560 1383 817 1468 gloriosissimum
830 1399 897 1448 ome
911 1402 967 1467 pro
987 1383 1110 1448 nomine
1124 1383 1147 1448 J
1147 1401 1202 1448 esu
1216 1379 1447 1447 contumeliam

201 1489 277 1573 pati,
300 1505 431 1571 eumque
451 1489 571 1554 salvum
596 1487 681 1565 tisri,
707 1487 761 1570 qui
784 1487 992 1570 perseumm
1012 1505 1111 1569 usque
1135 1485 1169 1549 in
1193 1485 1303 1562 finem,
1324 1483 1446 1548 iccirca

202 1591 282 1658 nihil
296 1591 484 1669 dubitamus,
505 1592 582 1675 quin
594 1592 668 1669 Vos,
690 1591 889 1658 Venerabiles
902 1591 1037 1667 Fratres,
1059 1588 1227 1655 confortati
1246 1588 1281 1652 in
1293 1586 1444 1664 Domino,

203 1697 236 1760 et
255 1695 288 1760 in
309 1695 448 1779 petentia
468 1695 595 1760 virtutis
616 1695 683 1780 ejus
707 1695 845 1779 pergatis
871 1695 974 1760 animo
998 1693 1114 1760 invicto
1139 1711 1194 1776 pro
1218 1692 1288 1770 Dei,
1310 1691 1444 1774 ejusque

203 1800 330 1865 sauctae
350 1799 506 1864 Ecclesiae
527 1798 717 1876 defensione,
747 1801 980 1880 animarumque
1004 1797 1107 1863 salute
1130 1796 1254 1861 scruter
1279 1795 1442 1874 dimicem,

203 1902 351 1968 memoria
361 1903 536 1987 repetentes
553 1889 653 1986 »qiod
667 1921 727 1966 non
742 1903 816 1966 sunt
830 1901 1001 1986 medignce
1014 1901 1169 1984 pociones
1183 1899 1277 1983 bujus
1288 1899 1443 1982 temporis

204 2005 245 2072 od
257 2005 395 2070 futuram
410 2005 550 2090 gloriam,
565 2025 644 2090 quae
663 2006 852 2070 revelabitur
872 2005 907 2070 iu
927 2005 1080 2086 uobis¹).‹
1126 2003 1231 2087 Atque
1248 2003 1359 2068 iccirco
1382 2001 1442 2068 bas

204 2108 299 2173 voss
312 2093 639 2185 aesinantem,
661 2109 771 2189 quisue
799 2107 1001 2191 episcopalem
1025 2107 1161 2172 vocam
1182 2107 1216 2170 a
1240 2105 1338 2170 tanos
1358 2105 1442 2171 sore

204 2210 309 2276 randis
334 2209 487 2295 augustiis
512 2211 742 2290 fortitudinem,
766 2212 799 2276 et
823 2210 856 2274 in
881 2229 975 2294 grege
999 2211 1120 2275 vestrae
1146 2227 1237 2274 curae
1262 2207 1441 2272 concredito

204 2309 402 2398 vigilantiam
426 2314 528 2398 magis
553 2313 773 2399 magisque'in
797 2313 928 2378 Domino
954 2313 1139 2391 excitamus,
1164 2313 1201 2376 ut
1226 2311 1321 2376 nullis
1346 2311 1440 2389 euris,

204 2417 297 2482 nullis
313 2415 457 2495 consiliis,
479 2417 634 2500 nullisque
648 2417 804 2483 laboribus
826 2435 949 2498 parcere
970 2433 1106 2499 unquam
1121 2415 1235 2493 relitb,
1256 2433 1316 2499 quo
1330 2414 1441 2480 fideles

204 2520 299 2585 Vobis
315 2519 471 2585 commissi
486 2520 676 2586 abstinentes
690 2535 724 2584 se
738 2519 777 2584 ab
795 2519 879 2584 omni
901 2519 1001 2602 speeie
1015 2520 1100 2594 mali,
1123 2518 1277 2602 nullisque
1296 2518 1440 2584 deterriti

204 2621 349 2706 periculis
363 2621 583 2688 incatholicis
599 2621 670 2688 fidei
684 2623 717 2687 et
731 2621 890 2707 religionis
903 2622 1090 2705 professione
1104 2622 1242 2706 quotidie
1255 2622 1357 2705 magis
1372 2623 1438 2688 sta-

203 2726 283 2792 biles
296 2727 330 2790 et
342 2725 464 2790 immoti
485 2723 695 2808 permancant,
717 2727 750 2790 et
763 2743 920 2808 uunquam
940 2727 979 2790 ab
1000 2726 1140 2810 ejusdem
1160 2726 1241 2805 fidei,
1263 2727 1437 2811 religionis·
1535 2731 1536 2734 ’

134 2871 140 2880 ·
204 2847 263 2914 que
284 2827 425 2894 hostibus
438 2847 471 2894 se
486 2828 595 2911 decipi,
610 2830 643 2895 et
655 2829 690 2894 in
704 2847 837 2894 errorem
849 2829 954 2896 induci
968 2830 1135 2912 patiamur.
1172 2831 1218 2896 Ae
1232 2829 1434 2913 ipsocfideles

204 2932 300 2998 Vobis
325 2931 531 3010 cosmeditos,
563 2933 720 3016 Nobisque
746 2933 918 2998 cmsimcs
951 2934 1035 3000 omni
1059 2934 1181 3017 paterni
1207 2934 1305 2999 animi
1329 2933 1435 3000 Nostri

205 3036 319 3102 affeetu
332 3032 365 3102 et
378 3035 480 3102 studio
495 3035 664 3114 monemus,
686 3036 892 3114 exhortamur,
916 3037 949 3102 et
968 3037 1170 3114 obtestamur,
1193 3038 1230 3102 ut
1251 3036 1435 3102 'catholicam

205 3139 307 3220 idem,
329 3139 511 3224 religionem
526 3157 563 3204 ac
578 3139 760 3219 doctrinam,
783 3159 876 3224 quam
895 3139 1048 3225 singulari
1066 3140 1126 3204 Dei
1145 3139 1291 3205 beneficio
1313 3157 1436 3223 accepe-

204 3244 287 3322 runt,
299 3228 552 3309 'constantissime
566 3242 755 3326 profitentes,
771 3244 804 3309 et
817 3243 920 3310 cetera
931 3242 1034 3308 omnia
1047 3243 1218 3326 posteriora
1227 3242 1436 3309 existimantes

205 3365 259 3431 per
274 3347 400 3412 semitas
415 3345 630 3412 mendatorum
644 3345 703 3412 Dei
717 3346 823 3412 sedulo
845 3346 1014 3426 ambulent,
1037 3346 1135 3429 iisque
1156 3347 1298 3412 omnibus
1320 3347 1436 3411 instent

205 3449 356 3532 operibus,
377 3466 456 3530 qnae
471 3447 643 3512 caritatemx
657 3448 707 3514 vel
721 3448 754 3513 in
767 3449 878 3526 Deum,
899 3449 949 3514 uel
968 3449 1001 3514 in
1022 3451 1194 3533 proximum
1216 3450 1435 3533 praesderunt,

205 3569 343 3636 quaeque
357 3549 527 3616 catholicae
542 3549 698 3616 Ecclesiae
712 3551 791 3617 filios
806 3551 929 3618 omnino
944 3552 1064 3618 decent.

308 3653 582 3720 Persuasissimum
616 3656 721 3720 autem
754 3654 849 3721 Vobis
880 3655 940 3734 sit,
973 3657 1039 3722 Nos
1070 3656 1103 3722 in
1128 3655 1306 3724 humilitate
1339 3655 1435 3722 cordis

204 3756 328 3822 Nostris
349 3757 589 3822 ferventissimas
615 3755 669 3822 diu
695 3758 847 3840 noctuque
869 3758 935 3823 sine
950 3759 1175 3824 intermiaeione
1200 3759 1435 3826 clementissimo

205 3859 482 3924 misericordiarum
497 3859 588 3924 Petri
602 3861 634 3926 et
649 3861 715 3925 Deo
730 3861 826 3926 totius
841 3861 1058 3930 consolationis
1073 3863 1181 3928 offerro
1196 3882 1311 3946 preces,
1326 3865 1362 3928 ut
1375 3863 1435 3930 Vos

204 3961 314 4027 induat
334 3962 507 4028 virtuteer
524 3963 597 4042 alto,
621 3981 658 4029 ac
680 3963 785 4029 divina
807 3965 863 4028 sia
885 3963 1009 4030 destme
1023 3967 1176 4050 protegat,
1199 3965 1362 4045 custodiat,
1385 3966 1435 4032 do-

204 4063 320 4144 lendet,
344 4066 376 4130 et
392 4083 540 4150 exurgens
552 4066 672 4150 judicet
685 4083 811 4131 causam
829 4084 927 4144 suam,
951 4068 984 4132 et
997 4067 1167 4134 Ecclesiam
1187 4088 1276 4135 suam
1298 4071 1434 4136 sanctam

205 4167 348 4245 stantis,
370 4165 481 4250 quibus
506 4169 578 4236 istie
604 4169 774 4247 diceretur,
797 4168 1028 4235 calamitatibus
1044 4171 1164 4254 eripiat,
1186 4173 1219 4237 et
1243 4173 1434 4238 inimicorum

206 4287 329 4335 snorum
344 4271 518 4354 superbiam
534 4270 639 4351 elidat,
662 4290 826 4354 eorumque
841 4272 1067 4338 contumaciam
1082 4273 1284 4357 omnipotenti
1305 4293 1361 4341 sua
1374 4275 1434 4340 rir-

205 4373 274 4438 tute
288 4375 472 4456 prosternet,
495 4377 527 4444 et
541 4375 696 4446 uberdme
709 4393 848 4464 quaeque
869 4393 944 4444 suae
958 4375 1106 4446 bonitatis
1127 4377 1206 4447 dona
1224 4396 1315 4465 super
1329 4377 1391 4446 Vos
1403 4369 1458 4445 et'

259 4601 612 4670 ,omassum
