3148 5130
164 293 308 372 Schrclheu
317 313 341 376 d.
350 299 479 373 malloth.
490 331 513 373 v.
522 304 642 376 mahteis
652 331 674 374 v.
688 293 727 374 12¹.
737 316 785 376 bisi
796 333 828 376 aa
838 319 884 376 ias
893 296 1064 378 rim-lrathol.
1078 297 1271 380 dardanium.
1325 290 1374 388 83

136 505 347 574 voslauicrum
380 505 672 594 (schismaticorum)
712 511 989 598 subsignationes,
1016 513 1116 579 adhuc
1148 516 1210 581 tres
1253 515 1378 600 parochi

138 611 258 694 Graeco
277 609 372 677 Russi
395 613 561 698 subscripti
582 616 671 694 sunt,
694 615 743 682 nti
765 607 1006 696 Wederecensis,
1021 617 1237 684 'Daorecensis
1259 622 1291 685 et
1313 609 1390 686 rac-²

136 713 332 782 merewinsis
358 710 531 783 Ecclesiae:
561 717 615 783 sed
644 721 807 803 parochiae
833 719 1042 788 Onasniccnsis
1069 721 1267 806 amplificatio
1292 723 1398 790 nullas

137 819 230 885 modo
251 819 388 903 primum
411 821 587 906 catalogum
616 822 757 908 legitime
779 825 951 890 coniectum
977 826 1120 910 infregit:
1143 813 1230 906 nam,
1260 827 1395 892 comer--

137 920 234 990 miter
245 921 394 989 Caesareo
408 923 565 1006 mandato,
581 928 683 992 status
695 929 868 995 animarum
884 944 902 994 a
918 927 1031 994 Curato
1044 929 1202 995 Oabhclicc
1218 931 1249 995 et
1261 925 1378 995 Graeco

137 1027 237 1094 semel
259 1027 469 1110 subscriptus,
491 1047 589 1113 usque
607 1031 733 1096 illaesus
763 1033 873 1098 durare
899 1033 1007 1098 debet:
1037 1034 1151 1099 idcirco
1171 1051 1250 1100 noua
1270 1045 1401 1118 apprcv·

137 1133 226 1199 batis
249 1149 269 1196 a
290 1133 423 1216 quatuor
442 1131 654 1200 Graecorussis
675 1135 837 1218 parochiis,
862 1152 991 1219 quorum
1013 1137 1114 1202 curati
1135 1137 1201 1202 ¹siue
1224 1138 1400 1203 contestu-²
1446 1144 1452 1155 “

138 1235 225 1302 tione
239 1233 327 1318 prius
349 1236 602 1322 subscripserant,
613 1239 712 1322 *juxta
727 1239 789 1304 vim
804 1237 893 1324 legis,
916 1256 1109 1323 nequaquam
1124 1241 1254 1308 admitti
1267 1233 1379 1324 potuit,

139 1337 324 1424 praesertim
347 1339 462 1425 absque
483 1361 630 1408 consensu
644 1343 711 1407 tam
727 1341 905 1408 Catholicae
921 1363 1013 1426 quam
1029 1336 1390 1410 scaccorussicaaiioe:

140 1460 273 1509 omanac
287 1443 462 1526 potestatis,
505 1445 622 1510 Verum
636 1439 837 1512 Jus'zkisuicr
860 1447 1013 1529 quandam
1036 1447 1211 1532 generalem
1227 1447 1380 1527 tabulam,

141 1545 238 1632 priori
261 1563 297 1613 ex
318 1547 440 1632 integro
460 1539 648 1632 oppositam,
671 1547 838 1636 illegaliter
858 1549 997 1615 coniecit.
1043 1549 1163 1616 Tabula
1182 1551 1244 1616 ists
1266 1553 1392 1634 absque

142 1651 275 1717 scientia
297 1652 329 1717 et
349 1649 472 1718 decreto
487 1669 559 1718 suae
580 1651 744 1738 potcstatis
765 1655 955 1737 comparata,
977 1656 1030 1719 uhi
1052 1653 1155 1720 nullae
1177 1651 1397 1720 formalitatss,

146 1755 324 1834 servantur,
354 1753 458 1821 nullae
478 1755 690 1822 adnotationes
712 1755 885 1835 habentur,
902 1770 1095 1840 nequaquam
1118 1757 1214 1822 etiam
1227 1757 1391 1828 'ultimum'

149 1857 222 1922 huic
235 1859 318 1942 operi
332 1857 426 1924 linem
440 1859 603 1942 imposuit:
623 1861 690 1944 ipsc
709 1860 791 1925 enim
806 1859 829 1926 J
829 1861 1007 1926 usnhicuicz
1022 1859 1110 1926 illam
1125 1861 1264 1926 ulteriori
1280 1861 1397 1945 dispe·-

147 1959 256 2027 sitionc
270 1958 468 2028 dioecesanae
482 1963 648 2046 potestatis
669 1961 878 2046 reliquendam
894 1969 959 2029 ss'sc
986 1965 1018 2028 in
1043 1965 1182 2050 margine
1198 1961 1382 2030 ‘adnotaritz

144 2063 186 2130 et·
199 2063 332 2148 denique
357 2067 535 2150 comparata
560 2067 609 2132 est
634 2065 740 2131 insciis
765 2065 967 2150 parochianis,
995 2068 1076 2152 apud
1098 2087 1173 2150 qucs
1188 2067 1274 2133 nulls
1290 2061 1394 2136 docu·²

143 2171 252 2236 menta
274 2169 522 2253 requirebantur,
546 2171 577 2236 et
592 2171 698 2237 tamen
711 2161 745 2234 in
762 2172 892 2237 retenti
907 2171 1141 2249 mamertium
1155 2179 1263 2256 nempe
1278 2171 1399 2257 agitur·

143 2275 182 2342 ds
194 2274 273 2342 fidei
287 2275 484 2358 professione,
506 2275 686 2361 parochiani
704 2277 844 2343 absolute
866 2277 1051 2362 interrogari
1073 2277 1199 2354 debent3
1215 2277 1400 2360 praecipua

143 2377 230 2457 dum,
250 2377 342 2464 juxta
364 2377 530 2445 articulum
550 2381 579 2446 5.
602 2382 737 2446 caesarei
756 2379 905 2459 mandati,
928 2379 982 2445 ubi
1005 2393 1041 2444 er
1055 2377 1164 2444 una'at
1182 2381 1283 2444 altera
1295 2383 1395 2464 parta*

144 2481 363 2548 desiderantur
388 2483 573 2570 argumenta
599 2486 699 2565 certa,
725 2485 792 2550 tum
820 2483 968 2550 ccniessio
987 2483 1108 2568 propria
1134 2469 1400 2568 uniuscujusque,'‘.

143 2589 296 2670 tanquam
318 2585 473 2652 sufficiens
495 2585 713 2653 documentum
742 2589 891 2654 censetur.
913 2585 1129 2672 ,Quapropter
1155 2587 1238 2652 dicta
1260 2582 1397 2668 tabula?

145 2691 256 2774 utpote
284 2689 465 2768 arbitraris,
499 2689 532 2754 in
558 2691 837 2758 commessationem
862 2692 984 2776 legum,
1011 2689 1297 2770 indistincte',sine
1317 2675 1385 2757 'sulla

105 2873 109 2876 ,
145 2794 248 2861 forma
262 2812 301 2860 ac
317 2793 570 2860 adnotationibus
586 2795 734 2872 conlecta,
756 2815 811 2880 pro
826 2815 886 2860 nun
902 2796 1050 2860 existente
1063 2786 1267 2880 ‘amcscitui.=
1300 2821 1304 2826 ·
1324 2815 1339 2843 ¹-
1362 2817 1374 2841 -·
1388 2783 1405 2843 Ὺ

172 2896 185 2925 ”
252 2899 282 2964 9.
305 2897 393 2964 Licet
419 2897 451 2964 in
478 2897 612 2964 secunda
637 2898 748 2966 bubula
772 2900 905 2985 legitur,
929 2883 1017 2964 acsi
1042 2899 1397 2982 nempe²Wedrecensis

145 3001 304 3070 Ecclesiae
318 3001 570 3070 Graeco-Russae
587 3003 722 3083 curatus,
745 3003 799 3088 qui
812 3005 912 3090 primo
927 3003 1067 3088 catalogo
1088 3003 1172 3068 haud
1196 3003 1402 3086 subscripsit,

82 3185 86 3188 ‚
147 3103 362 3186 adnotaverit,
391 3105 607 3190 quantumin
633 3107 733 3192 specie
758 3107 882 3172 restitui
909 3106 1022 3172 debent
1047 3096 1228 3172 confessioni
1256 3106 1401 3171 Graecos*

147 3203 306 3289 ararica,
331 3209 387 3276 ssd
412 3207 487 3276 talis
512 3208 672 3278 adnotatio
697 3209 809 3276 nullibi
831 3209 957 3276 omnino
979 3208 1146 3294 reperitur}
1170 3199 1402 3292 neque-etiam*-

148 3307 359 3397 quascumquc
384 3313 612 3382 observationes
637 3312 676 3381 ab
702 3311 772 3380 aliis
798 3311 1006 3398 pravoslaviis,
1030 3311 1263 3398 (schismaticis)
1289 3313 1398 3378 iactas

148 3417 237 3483 suut:
261 3417 383 3484 nonnisi
404 3437 498 3484 manu
520 3419 645 3504 prbpria
661 3419 828 3486 sacerdotis
844 3413 1042 3486 Juszhicaica
1063 3417 1140 3484 haec
1155 3414 1249 3482 uerba
1265 3415 1402 3482 exarata

147 3521 313 3606 leguntur;
339 3521 396 3614 rin
420 3521 653 3610 requisitionem
679 3523 876 3590 Russicorum
900 3521 1118 3587 Sacerdotumc
1144 3519 1401 3604 subintelligitur*

148 3623 306 3717 reddenda
321 3627 369 3692 ast
389 3645 518 3711 persona
534 3625 742 3706 Pravodavio,
758 3624 955 3710 (schismati).
994 3623 1088 3709 sago
1103 3623 1338 3708 tamen'judicio
1354 3625 1391 3688 'eb

149 3727 299 3794 decisioni
319 3717 412 3796 meac
427 3731 593 3814 potestatis
622 3729 777 3796 remitto«
824 3727 907 3794 Dum
928 3729 1046 3794 interea
1068 3727 1226 3813 presbyter
1248 3727 1390 3794 dusnhie-

149 3832 225 3898 aica
250 3852 311 3898 non
334 3833 379 3899 ad
402 3834 539 3918 aliquam
560 3831 802 3924 requisitionem,
825 3833 879 3898 sed
898 3831 987 3916 juxta
1013 3831 1197 3898 documenta
1218 3832 1402 3896 animarum
1430 3845 1437 3860 ⁸

151 3937 270 4002 statum
295 3955 473 4022 comparare
499 3936 622 4016 debuit,
653 3939 746 4021 atque
769 3937 942 4002 sacerdotes
968 3935 1194 4002 Graeco-Russi
1220 3935 1311 4000 certis
1335 3935 1390 4000 do-

152 4039 305 4107 cumentis
319 4039 393 4122 uixi,
415 4061 561 4128 personas
577 4061 650 4108 suae
666 4039 863 4106 confessionis
879 4028 1236 4124 sanctasanctorum:
1363 4061 1365 4066 ’
1387 4049 1391 4089 ῑ

258 4143 308 4210 10.
332 4143 412 4226 Quia
427 4145 650 4211 Mohiloviense
664 4145 702 4210 R.
720 4143 753 4210 C.
770 4133 993 4210 donsiatorium
1008 4143 1129 4208 nullum
1144 4143 1183 4208 ad
1198 4143 1274 4208 haec
1288 4141 1401 4208 cnrnia’

153 4249 326 4334 respectum
340 4239 463 4328 habuit,
486 4269 584 4334 neque
607 4247 653 4314 ad'
667 4248 802 4332 primum
820 4247 992 4312 animarum
1005 4247 1132 4312 'statum
1158 4247 1269 4330 quiin
1294 4246 1402 4311 forma

154 4341 250 4440 legali
265 4353 431 4434 confectus,
454 4373 508 4438 pro
535 4353 594 4419 tali
621 4355 659 4419 ab
686 4353 793 4419 codem
820 4351 998 4418 consistorio
1026 4351 1150 4436 agnitus
1172 4365 1227 4435 pro
1246 4347 1404 4414 conformi·

157 4475 228 4525 cum
253 4455 398 4524 mandato
426 4455 574 4524 Caesareo
601 4456 793 4536 declaratus,
830 4457 862 4522 et
891 4455 1013 4521 demum
1039 4455 1183 4520 ultimam
1209 4452 1393 4518 decisionem

156 4557 259 4646 quoad
295 4560 461 4628 catholicos
488 4556 697 4628 auraicensis
722 4558 878 4627 Ecclesiae
910 4559 1059 4644 ponebat,
1091 4557 1224 4642 ahqusm
1252 4553 1399 4619 animum·

155 4663 302 4748 intendit,
324 4683 360 4732 ac
381 4666 408 4731 si
426 4666 455 4756 is
469 4680 628 4750 nunquam
650 4663 814 4732 ematerctr
834 4653 937 4750 petius
955 4657 1063 4730 conda
1083 4677 1188 4728 omncs
1209 4661 1295 4745 leges
1316 4675 1391 4724 ccu-

1142 4765 1162 4829 6
1169 4763 1188 4804 *
