3102 5124
189 277 266 356 3ὃο
327 293 465 348 numam
484 299 532 348 aar
550 291 712 358 prestares
731 250 971 345 recusauerim
991 289 1030 346 rs.
1048 287 1193 346 solemne
1211 291 1285 346 reos.

190 501 277 550 mum
299 479 435 548 schisma
456 477 579 546 tradere
601 479 738 560 sbrdsnt,
760 478 843 546 iuter
867 495 953 564 qnos,
975 477 1086 562 aliquis
1108 477 1203 544 etiam
1226 479 1303 562 proh
1326 477 1432 544 dolor!

190 588 363 654 animarum
379 585 502 651 curatur
516 584 678 668 reperitur,
701 584 754 668 qui
768 583 816 648 sui
832 582 926 648 officii
941 581 1064 649 omnino
1079 581 1195 648 oblitus
1218 601 1254 648 ac
1272 582 1435 648 severissi-

190 711 276 758 mum
299 691 358 758 Dei
376 689 528 774 judicium
548 689 641 774 plane
670 690 867 754 contemnens
887 706 948 752 non
970 687 1118 770 pastoris,
1142 687 1195 751 sed
1217 685 1286 770 lupi·
1304 693 1436 770 operam

190 795 282 882 gerit,
298 813 334 862 ac
349 793 483 860 traditas
499 793 558 858 sibi
573 811 645 859 oves
659 793 786 876 perdere
802 793 833 857 et
848 791 986 858 maetam
996 790 1125 856 minime
1136 790 1326 857 relormidat.
1351 789 1436 856 Oum

191 919 261 968 vero
283 897 362 964 nihil
384 897 520 981 iniquius
542 897 594 976 sit,
616 913 710 981 quarn
734 913 838 962 amare
858 895 1030 978 pecuniam,
1053 895 1163 960 iccirco
1184 913 1306 960 omnem
1330 894 1436 960 Tuam

79 1071 82 1076 ,
191 1001 429 1070 sollicitudinem
446 1001 568 1080 adhibe,
587 1019 626 1065 ne
641 999 791 1066 avaritiam
806 999 892 1064 labes
907 999 1003 1063 istum
1019 997 1134 1064 clerum
1148 1017 1286 1082 unquam
1301 997 1436 1078 inliciat,

191 1109 224 1175 et
245 1126 297 1174 eos
317 1106 397 1172 serio
416 1123 523 1184 mone,
546 1121 656 1190 argue,
679 1105 712 1170 et
726 1104 867 1188 increpa,
898 1103 951 1187 qui
972 1102 1030 1169 hoe
1056 1101 1235 1169 detestabili
1258 1122 1332 1170 sana
1354 1103 1435 1169 vitio

191 1213 302 1280 misere
328 1209 587 1276 contaminantur.
633 1208 781 1274 Volumus
807 1208 903 1272 etiam
924 1208 961 1272 nt
984 1207 1112 1291 majori,
1142 1226 1204 1291 que
1225 1207 1293 1273 fieri
1317 1208 1434 1291 potest,

192 1315 353 1382 celeritate
367 1313 630 1380 accuratissimam
654 1313 692 1379 do
708 1313 885 1379 Ohelmensi
900 1313 1030 1378 dioecesi
1050 1313 1232 1378 relationem
1248 1313 1287 1378 ad
1297 1313 1378 1392 'Noa
1402 1313 1436 1379 et

192 1420 272 1486 banc
297 1417 507 1500 Apostolieam
534 1415 644 1482 Sedem
669 1417 789 1494 mittas,
812 1435 872 1500 qua
897 1416 1003 1482 sedulo
1029 1433 1084 1482 nos
1107 1417 1254 1482 certiores
1273 1417 1372 1507 iacias
1396 1417 1435 1482 de

193 1521 410 1588 canonicorum·
430 1521 577 1606 collegio,
600 1521 637 1587 de
662 1521 757 1600 clero,
780 1521 818 1585 de
838 1519 1016 1599 seminario,
1041 1520 1078 1593 de
1099 1521 1271 1604 praecipuis
1293 1521 1435 1586 fidelium

192 1626 388 1711 indigentiis,
404 1643 454 1690 ac
481 1625 573 1691 rebus
602 1625 759 1703 omnibus,
794 1643 872 1707 quae
898 1623 937 1689 ad
962 1624 1102 1689 eamdem
1129 1624 1292 1690 dioecesim
1326 1627 1436 1710 quovis

138 1751 143 1762 ·
194 1731 285 1796 medo
306 1731 434 1813 possunt
455 1729 618 1812 pertinere.
664 1728 750 1794 Certi
771 1747 887 1807 sumtus,
912 1727 965 1806 Fe,
988 1727 1180 1792 Venerabilis
1202 1729 1323 1809 Frater,
1349 1729 1436 1796 hisce

194 1835 308 1902 uostris
324 1833 492 1912 desideriis,
516 1835 548 1900 et
569 1834 828 1917 postulationibus
850 1832 1087 1917 diligentissime
1103 1850 1168 1897 esse
1189 1833 1434 1900 satisfacturum.

196 1940 298 2024 Atque
324 1957 361 2004 ea
387 1939 523 2021 prolecto
538 1956 591 2021 spe
618 1939 831 2004 sustentamur
855 1926 928 2014 iere,
951 1937 988 2002 ut
1009 1936 1113 2002 divino
1139 1936 1252 2002 anxilio
1278 1937 1377 2001 fretus
1400 1957 1435 2002 ac

194 2042 366 2127 praeoculis
388 2041 478 2106 unice
504 2041 621 2106 habens
646 2042 704 2108 Dei
732 2043 859 2126 ejusque
882 2042 1008 2106 sanctae
1031 2040 1177 2105 ecclesiae
1202 2057 1347 2120 eausam,
1369 2041 1437 2106 ani·

196 2164 377 2230 merumque
400 2145 546 2224 salutem,
568 2148 600 2212 et
626 2165 775 2230 quaerens
797 2165 875 2230 quae
901 2145 977 2210 Jesu
1004 2143 1121 2209 eurise
1143 2145 1229 2223 suut,
1252 2143 1329 2209 velis
1352 2145 1437 2210 omni

195 2251 359 2317 alacritate
374 2251 406 2316 et
422 2248 523 2314 studio
538 2249 747 2314 ministerium
763 2249 866 2314 Tuum
882 2249 1016 2315 viriliter
1029 2248 1168 2332 implere,
1192 2249 1224 2313 et
1238 2248 1271 2312 in
1295 2251 1437 2314 omnibus

194 2355 324 2440 vigilare
340 2373 375 2420 ac
389 2353 538 2419 laborare.
550 2343 842 2420 “Persuasissimum
859 2353 930 2418 Tibi
945 2353 996 2432 sit,
1019 2353 1085 2418 Nos
1099 2352 1287 2436 perlibenter
1303 2355 1438 2438 praesti-

195 2463 281 2526 turos
304 2457 453 2544 quidquid
473 2457 582 2541 majori
598 2459 682 2522 Tuae
709 2459 741 2523 et
764 2457 955 2524 (ihelmensis
970 2457 1141 2522 dioeceseos
1165 2455 1299 2521 utilitati
1322 2457 1437 2522 condu-

195 2581 263 2630 cere
278 2579 365 2646 pesse
380 2561 564 2627 noverimus.
608 2561 739 2626 Interim
754 2579 826 2626 vero
841 2559 941 2625 Deum
963 2559 1135 2638 humiliter,
1158 2559 1305 2643 enixeque
1328 2579 1438 2644 preca-

195 2687 274 2746 mur,
297 2668 333 2731 nt
348 2666 470 2730 divinae
493 2683 566 2730 suae
582 2665 702 2749 gratiae
723 2665 868 2730 ubertate
883 2665 927 2729 Te
942 2663 1070 2748 repleat,
1094 2663 1229 2748 adjuvet,
1253 2663 1438 2744 noroberet,

195 2789 255 2854 quo
270 2769 365 2834 nullis
380 2769 546 2834 deterritus
562 2769 799 2834 difficultatibus
815 2767 963 2852 majorem
978 2766 1077 2832 sancti
1094 2766 1141 2830 sui
1155 2766 1289 2832 neminis
1304 2766 1441 2852 gloriam·

175 2858 430 2954 ¹animarumque
453 2873 585 2938 salutem
611 2891 790 2956 procurare,
823 2891 858 2937 ac
885 2889 939 2954 pro
965 2870 1119 2936 catholiea
1141 2869 1281 2935 Fcclesia
1310 2871 1439 2956 ejusque

196 2976 337 3043 doctrina
352 2995 388 3040 ac
400 2975 522 3060 juribus
538 2977 679 3042 dimicari
694 2995 798 3060 queas.
844 2981 890 3040 Ac
912 2975 1036 3058 superui
1050 2973 1143 3058 hujus
1164 2973 1311 3057 praesidii
1331 2976 1437 3058 auspi-

197 3100 274 3160 cem,
297 3081 329 3146 et
343 3081 489 3164 paternae
505 3081 628 3146 nostrae
644 3080 678 3145 in
694 3081 737 3144 Fe
750 3079 892 3146 'caritatis
906 3078 1017 3163 pignus
1034 3077 1234 3160 apostolicam
1248 3079 1440 3146 benedictio-

197 3205 268 3251 nem
283 3185 378 3250 sffuso
394 3185 492 3250 cordis
509 3185 623 3250 affectu
639 3183 710 3249 Tibi
725 3183 794 3266 ipsi,
810 3182 1002 3249 Venerabilis
1013 3179 1133 3262 Frater,
1149 3182 1329 3266 cunctisque
1344 3181 1439 3248 Obel-

198 3290 315 3365 mensis
331 3289 476 3354 dioecesis
492 3288 622 3368 clericis,
646 3287 794 3372 laicisque
809 3287 951 3353 fidelibus
966 3288 1163 3370 peramanter
1177 3285 1384 3370 impertimus.

302 3394 419 3458 Datum
434 3393 548 3458 Romae
563 3391 646 3475 apud
661 3411 685 3458 s.
704 3393 831 3458 Petrum
847 3391 896 3456 die
912 3391 963 3456 24.
980 3391 1122 3456 Januarii
1137 3410 1215 3456 anno
1233 3389 1326 3456 1863.

404 3495 608 3562 Pontificatns
623 3495 731 3562 Nostri
742 3515 825 3562 anuo
840 3494 1099 3578 decimoseptimo.

199 3618 268 3676 nux.
296 3619 470 3673 erectricem
490 3631 536 3672 aus
555 3619 602 3671 der
620 3621 711 3684 prosa
731 3618 881 3684 lllocuticn,
900 3618 933 3671 im
946 3619 1130 3672 condstorlum
1144 3631 1202 3672 vem
1223 3620 1263 3672 lt.
1275 3619 1344 3672 sarz
1365 3619 1441 3674 1863.
1545 3663 1546 3666 ,

301 3701 462 3784 Praesens,
480 3721 517 3768 ac
531 3701 717 3788 deploranda
732 3703 879 3770 Poloniae
894 3701 1028 3768 conditio
1043 3703 1089 3768 ita
1103 3721 1223 3787 quoque
1239 3703 1439 3770 Pontificiam

198 3806 362 3888 Nostram,
393 3825 452 3891 qua
480 3807 669 3874 catholicum
694 3807 774 3874 illud
801 3809 943 3893 Regnum
973 3825 1092 3890 semper
1121 3807 1302 3892 prosequuti
1324 3827 1441 3890 sumus,

199 3911 441 3980 sollicitudinem
466 3911 567 3996 magis
588 3912 749 3998 magisque
775 3911 938 3990 excitavit,
968 3909 1010 3976 ut
1027 3910 1108 3977 iuter
1136 3911 1198 3977 alia
1223 3911 1443 3979 nonnullarum

200 4013 338 4103 ejusdem
364 4012 465 4100 Regni
490 4015 685 4082 Dioecesium
712 4015 859 4082 viduitati
888 4015 1131 4100 prospiciendum
1162 4033 1229 4082 esse
1255 4015 1442 4096 duxerimus,

138 4177 139 4183 ,
200 4135 330 4206 quarum
365 4120 487 4204 aliquae
520 4139 582 4186 non
617 4121 765 4187 mediocri
803 4120 900 4186 animi
926 4119 1034 4185 Nostri
1063 4119 1206 4186 molestis
1232 4119 1353 4204 jamdiu
1387 4138 1442 4185 suo

200 4225 323 4292 fuerant
337 4225 464 4291 orbatae
478 4225 611 4308 pastore.
657 4223 873 4306 Quamobrem,
896 4223 994 4289 veluti
1005 4223 1072 4306 jam
1087 4222 1260 4302 audivistis,
1275 4223 1442 4307 Fpiseopos

201 4329 389 4409 Plocensem,
416 4329 706 4414 Augustoviensem,
735 4328 966 4406 Chelmensem,
993 4344 1123 4410 quorum
1148 4327 1279 4392 ultimus
1303 4327 1442 4394 Rutheni

178 4435 291 4514 ,ritus
315 4453 351 4500 ac
369 4435 436 4500 tum
453 4434 675 4513 Varsaviensis,
701 4434 769 4496 tum
793 4431 984 4497 chelmensis
998 4431 1206 4497 Ecclesiarum
1228 4429 1443 4517 Sudraganeos

201 4537 367 4624 Episcopes
380 4538 625 4604 renuntiavimus
640 4538 673 4604 et
687 4535 915 4616 constituimus,
938 4538 974 4602 ut
996 4536 1056 4622 ipsi
1070 4555 1132 4602 una
1154 4555 1225 4602 cum
1249 4536 1318 4602 aliis
1340 4535 1442 4604 Vene-

201 4643 351 4713 rabilibns
365 4641 528 4708 Fratribus
542 4641 626 4708 illius
642 4639 746 4727 Regni
761 4637 924 4707 Sacrorum
945 4641 1150 4708 Antistitibus
1172 4641 1356 4708 sacerdotali
1377 4641 1441 4708 zelo
