3170 5128
184 197 263 276 280
327 212 465 268 Urhouden
483 223 530 266 rur
547 211 708 276 plpstllebcn
726 211 966 264 coemendarum
986 210 1025 264 15.
1043 211 1187 268 November
1206 213 1279 267 taut.

185 402 351 470 admodum
383 401 417 466 in
449 397 689 464 commemorata
722 395 838 462 Nostra
860 396 1043 462 allocutione
1073 395 1326 482 significavimus.
1370 402 1429 466 In-

185 507 278 572 terim
300 523 465 572 varocum
487 503 571 568 certo
597 501 744 566 sciremus
767 518 845 582 quae
867 501 1048 583 paterentur
1070 499 1194 566 Sorores
1222 502 1366 568 caritmh
1393 505 1427 570 S.

184 608 340 676 vincentii
361 627 380 672 a
401 606 499 672 Paulo
520 605 554 670 iu
569 603 697 669 Polonia
711 603 888 684 existentes,
910 622 1050 687 quaeque
1071 604 1264 687 spoliationis
1286 608 1430 689 pericula

186 713 261 779 cleri
282 710 430 778 secularIa
455 708 543 775 bonis
565 706 795 791 impenderent,
818 707 851 772 et
875 707 1026 790 quomodo
1052 707 1092 772 ad
1118 708 1264 774 Poloniae
1292 730 1429 794 reguum

185 814 308 882 euenor
329 813 424 880 noua
444 792 493 878 10²1
515 809 588 876 anns
613 809 696 874 resa
718 808 800 874 oua
821 809 920 874 mima
942 809 1103 893 totiuga,
1126 811 1220 876 aura
1240 811 1430 896 interponas
1572 801 1574 810 ’

187 938 275 986 mora
292 917 442 1001 jussimus
460 914 630 998 opportuna
645 912 923 978 communicatione
949 912 1101 978 russicam
1126 914 1313 997 guberuium
1334 915 1429 994 cdiii,

186 1023 219 1088 et
233 1020 492 1102 eodemtempore
514 1035 607 1100 penes
629 1015 708 1080 illud
730 1015 816 1080 enixe
837 1016 953 1102 urgeri,
976 1017 1012 1081 ut
1030 1017 1172 1082 omnibus
1186 1013 1370 1084 Russiarum
1392 1021 1429 1084 et

186 1124 331 1191 Poloniae
345 1121 527 1188 vacantibus
547 1119 735 1186 dioecesibus
755 1120 804 1184 sui
825 1114 1063 1202 praeficerentur
1085 1120 1237 1205 Episcopi,
1259 1139 1429 1206 eorumque

187 1224 374 1309 suffraganei
396 1223 642 1307 designarentur.
683 1222 732 1286 -Ac
758 1223 831 1306 pari
847 1221 1054 1288 sollicitudine
1079 1222 1210 1306 egimus,
1236 1242 1307 1288 cnm
1332 1225 1428 1308 paulo

186 1331 257 1413 post
270 1327 410 1394 nouimus
432 1327 544 1412 legem,
568 1345 628 1408 qua
643 1325 798 1402 catholici,
821 1325 854 1390 in
876 1325 1061 1407 quibusdam
1079 1325 1211 1406 casibus,
1235 1329 1429 1412 cogebantur

187 1432 228 1497 ad
250 1429 451 1496 instauranda
472 1428 740 1494 schismatIoorum
762 1428 888 1510 templa,
911 1427 1032 1512 adjecta
1053 1446 1161 1511 poena,
1183 1430 1219 1494 ut
1241 1431 1280 1495 ab
1302 1431 1351 1496 his
1370 1433 1428 1497 ca-

187 1523 303 1600 tholica
323 1533 545 1615 occuparentur
558 1533 685 1616 templa,
708 1531 735 1596 si
756 1530 978 1614 praescriptam
999 1531 1257 1599 instaurationem
1278 1535 1428 1602 catholici

187 1625 313 1702 minime
329 1635 472 1720 exequuti
494 1636 606 1714 essent,
626 1635 744 1700 etcum
764 1634 909 1699 scivimus
928 1631 1170 1700 ecclesiasticam
1191 1635 1424 1704 immunitatem

187 1741 282 1806 iciam
297 1739 445 1804 violatam
459 1737 493 1804 in
507 1738 650 1804 coenobio
665 1737 880 1822 religiosorum
894 1736 1009 1802 ordinis
1024 1735 1055 1804 S.
1070 1737 1234 1818 Dominici,
1257 1759 1328 1805 cnm
1347 1759 1427 1806 uon·

187 1845 345 1911 nullorum
364 1842 617 1906 documentorum
640 1839 863 1924 obsignatione,
885 1858 940 1904 seu
961 1845 1126 1921 aequam,
1148 1859 1226 1924 quae
1248 1841 1289 1908 ad
1309 1845 1345 1908 B.
1361 1845 1426 1910 Bo·

188 1950 259 2014 bola
285 1964 411 2012 causam
432 1944 623 2027 spectabant.
666 1943 755 2008 Anno
769 1961 841 2008 vero
859 1943 940 2008 1853
954 1961 1009 2026 per
1022 1943 1172 2010 Nostrum
1187 1943 1382 2012 Oardinalem
1405 1968 1425 2014 a

187 2051 319 2136 pubths
351 2047 486 2132 negotiis
516 2046 670 2112 russIcum
702 2045 894 2112 (luberniunn
925 2045 1040 2112 iterum
1072 2047 1168 2112 etiam
1202 2050 1295 2132 atque
1327 2051 1425 2116 etiam

188 2153 401 2231 excitavimus,
436 2152 473 2217 ut
500 2150 641 2233 inceptae
669 2149 889 2232 perficerentur
913 2149 1116 2216 mactationes
1142 2151 1182 2216 ad
1215 2153 1425 2222 ecclesiastIca

189 2255 394 2339 componenda
416 2253 551 2336 negotia,
575 2254 605 2318 et
621 2252 750 2336 majori,
772 2271 833 2336 qua
847 2252 925 2338 ,fieri
945 2254 1058 2335 posset,
1081 2253 1250 2335 celeritate,
1276 2257 1424 2324 Poloniae

189 2361 341 2425 dioeceses
352 2357 637 2442 jamdiuvaeautes
656 2356 773 2422 idoneis
795 2356 1062 2426 committerentur
1078 2357 1236 2442 episcopis,
1258 2378 1425 2443 corumque

189 2463 376 2546 eligerentur
401 2461 597 2544 suffraganei.
641 2460 773 2525 Interim
798 2477 869 2526 vero
894 2478 1005 2526 novam
1030 2460 1067 2526 de
1100 2459 1220 2528 meliori
1252 2463 1425 2530 catholicae

189 2565 334 2632 ecclesiae
363 2563 536 2648 conditIone
565 2563 598 2632 in
618 2563 802 2628 Russiarum
824 2563 969 2646 imperio,
996 2564 1028 2630 et
1053 2565 1200 2632 Poloniae
1221 2585 1318 2651 regno.
1337 2587 1425 2650 spem

188 2670 368 2746 habuimus,
399 2667 454 2734 ubi
481 2667 579 2733 Nobis
608 2667 744 2732 innotuit
776 2668 970 2750 praesentem
994 2668 1217 2752 Imperatorem
1242 2670 1281 2736 cd
1311 2671 1424 2744 ¹solirun

189 2775 330 2840 evectum
343 2772 447 2850 fuisse,
463 2771 516 2858 qui
531 2771 626 2836 ammi
640 2771 833 2854 benignitate
847 2772 881 2837 et
895 2771 1051 2854 aequItate
1065 2773 1225 2855 praestans
1239 2791 1422 2858 propensam

189 2895 277 2941 suam
292 2894 366 2958 erga
389 2874 557 2940 catholicos
578 2874 780 2952 voluntatem,
802 2873 853 2939 vei
874 2892 893 2938 a
914 2873 1022 2958 primis
1041 2875 1217 2960 juventutis
1239 2895 1313 2942 suae
1335 2878 1425 2944 annis

189 2997 279 3061 saepo
304 2977 491 3057 ostenderat,
514 2996 585 3042 cum
610 2977 793 3060 praesertim
818 2977 851 3041 in
876 2977 935 3042 hac
960 2978 1036 3044 mbo
1061 2979 1176 3044 Nostra
1201 2981 1249 3044 est
1274 2983 1423 3048 moratus.

102 3121 105 3128 ·
188 3082 337 3172 Quocirca
359 3081 396 3146 de
417 3099 451 3145 re
473 3079 626 3146 catholica
645 3079 843 3146 vehementer
866 3073 991 3145 solliciti
1014 3080 1055 3146 ad
1076 3081 1178 3164 ipsum
1194 3083 1424 3152 serenIssimum

188 3205 224 3250 ao
240 3185 488 3267 potentissimum
503 3182 678 3265 Principem
692 3182 843 3248 Nostrum
864 3183 1139 3250 extraordinarium
1154 3185 1315 3252 Oratorem
1337 3189 1424 3253 mIsi-

187 3307 267 3366 mus,
283 3287 336 3370 qui
351 3288 381 3352 ei
394 3285 562 3352 vastIssImi
576 3285 893 3368 Russiarum'imperii
907 3287 1062 3370 sceptrum
1077 3287 1188 3372 adepto
1204 3289 1298 3356 effuse
1309 3292 1423 3359 Nostro

187 3391 309 3456 nomine
324 3389 544 3474 gratularetur,
567 3388 793 3480 maximamque
811 3389 959 3454 Nostram
980 3389 1173 3473 voluptatem
1193 3395 1363 3476 nunciaret,
1387 3415 1423 3464 ac

187 3493 280 3560 simul
293 3491 387 3574 ¹juxta
408 3492 523 3556 Nostra
544 3491 663 3557 monita
682 3490 782 3556 eidem
804 3490 994 3574 significaret
1016 3510 1094 3575 quae
1115 3494 1238 3561 Nostris
1268 3500 1369 3564 essent
1390 3499 1424 3565 in

186 3593 282 3671 votis,
309 3594 346 3658 ut
373 3593 406 3658 in
434 3593 498 3662 illis
523 3593 665 3660 dominiis
692 3592 844 3658 cathohca
866 3594 1005 3660 Ecclesia
1031 3613 1083 3662 eas
1105 3597 1232 3664 tandem
1258 3601 1423 3685 adquando

187 3698 412 3779 assequeretur¹
432 3697 605 3775 utilitates,
640 3713 716 3779 quas
741 3695 865 3780 Jamdiu
895 3697 1011 3764 hustra
1044 3702 1321 3784 expectaveramus.
1376 3706 1423 3772 Ac

186 3799 299 3864 Noster
326 3799 437 3865 Orator
463 3798 646 3864 demandato
672 3797 732 3864 sibi
759 3817 885 3866 munere
913 3801 1020 3868 sedulo
1048 3803 1179 3888 fungens
1205 3807 1290 3872 haud
1319 3809 1423 3874 omisit
1501 3791 1506 3796 ⁵

187 3920 258 3976 cum
278 3901 345 3983 ipso
366 3901 564 3983 Imperatore,
588 3900 714 3984 ejusque
737 3901 886 3985 gubernio
909 3903 1057 3987 colloqui,
1080 3908 1113 3972 et
1134 3907 1250 3974 instare
1272 3910 1309 3972 ut
1330 3911 1422 3990 pacta

187 4005 335 4070 muveuta
350 4003 433 4069 omni
454 4021 490 4068 ex
511 4004 599 4085 perte
614 4004 847 4086 exequutionem
862 4004 1021 4086 haberent,
1044 4009 1077 4074 et
1091 4027 1127 4074 ea
1141 4008 1244 4074 omnia
1261 4027 1421 4091 compone·

189 4107 311 4184 rentur,
334 4124 413 4188 quae
434 4106 474 4172 ad
496 4108 638 4189 optatum
660 4107 776 4177 exitum
804 4107 917 4174 adduci
937 4109 1064 4176 minime
1085 4111 1257 4192 potuerant.
1302 4110 1421 4192 Quibus

187 4209 293 4274 autem
315 4207 353 4273 de
375 4208 475 4278 causis
498 4210 711 4278 serenissimus
725 4213 896 4295 Imperator
916 4211 1097 4295 justissimIs
1118 4212 1241 4280 Nostris
1262 4217 1422 4300 petitioni·

186 4310 341 4376 bustum
366 4310 493 4378 miuime
518 4313 641 4395 annuit,
665 4314 714 4380 vel
738 4313 829 4380 facile
854 4315 960 4396 postea
985 4313 1121 4399 intelligi
1145 4316 1247 4398 potuit
1269 4337 1306 4384 ex
1327 4321 1421 4386 uariis

187 4413 378 4480 documentis
393 4433 447 4497 per
461 4414 601 4498 putheas
623 4417 833 4500 ephemerides
854 4436 950 4500 nuper
964 4417 1112 4503 vulgatis,
1135 4437 1171 4486 ac
1189 4423 1371 4504 praesertim
1385 4442 1421 4488 ex

186 4517 335 4600 relatIone
362 4517 461 4586 eidem
482 4518 666 4604 Imperatori
686 4519 777 4606 paulo
799 4520 872 4591 ante
897 4519 1005 4590 Nostri
1031 4521 1169 4594 Oratoris
1192 4522 1359 4594 adrentum
1381 4525 1420 4592 ab
