3170 5128
193 255 266 340 100
324 269 468 342 λ1161666166
485 275 532 332 adt
551 272 712 343 pipsdichen
731 271 892 366 deutschriit
911 288 971 330 vom
992 273 1031 330 lt.
1051 262 1198 328 November
1218 263 1292 328 1861.

189 465 462 535 architectonicam
493 467 607 550 absque
640 465 768 530 lieentia
794 464 893 530 civilis
926 464 1090 547 potestatis
1116 463 1292 546 perficitur,
1324 484 1430 536 verum

165 600 168 606 ·
188 571 285 638 dam
300 571 383 636 idem
395 571 454 654 jus-
470 570 509 636 ad
525 571 604 636 alias
627 561 867 635 christianorum
883 562 1029 637 ecclesias
1045 569 1229 648 extenditur,
1250 571 1311 658 661
1326 587 1431 634 omnes

98 701 101 718 ¹
168 701 169 706 ¹
187 675 330 741 66116666
345 675 378 738 in
391 674 503 739 Bassia
519 674 677 759 degentes,
700 674 827 738 11666616
842 673 959 756 linguis
975 671 1143 766 seopndunr
1166 673 1290 762 patrum
1306 691 1432 738 suorum

188 773 418 860 6661666166666,
441 779 541 844 Deum
565 778 807 862 omnipotentem
830 777 1020 861 glorificare,
1043 776 1182 860 regimen
1205 779 1432 860 Imperatorum

185 883 356 950 mmmmm
371 882 561 958 benedicere,
584 884 676 965 atque
693 883 790 948 tetius
805 881 941 947 66166661
956 879 1133 946 Creatorem
1150 901 1204 964 pro
1217 881 1378 946 ⁷felicitate
1389 900 1431 946 ec

188 987 379 1055 1666666616
398 986 511 1050 virium
526 985 630 1070 Regni.
643 985 800 1074 deprecari
816 986 958 1050 valeant«
971 985 1055 1068 ⁸(art.
1071 985 1123 1049 45.
1139 985 1204 1049 torn
1222 986 1296 1063 121.
1328 983 1431 1065 Quare

165 1092 302 1176 ‘itaqua
326 1072 472 1156 6661666166
498 1090 667 1156 catholicas
692 1109 846 1172 reparare.
861 1109 922 1154 nen
945 1088 1051 1166 aliter,
1083 1088 1143 1153 6161
1170 1091 1323 1154 annuente
1345 1076 1434 1154 616111

186 1197 434 1280 petraria-nen
458 1193 575 1274 licebit,
599 1195 626 1260 si
651 1195 700 1259 lex
721 1195 754 1258 id
777 1194 955 1273 66666161,
978 1193 1080 1276 potins
1106 1193 1237 1260 liberam
1260 1195 1431 1278 reparatio·

162 1317 257 1366 nem
272 1333 275 1340 ·
291 1299 460 1365 6666661111Ι
494 1297 595 1380 ,Quod
629 1299 743 1364 attinet
781 1289 936 1377 ordinem,
971 1317 1063 1381 quem
1097 1299 1237 1381 petentes
1270 1299 1430 1367 licentiam

187 1405 309 1470 civilem
325 1403 411 1487 sequi
425 1405 623 1484 tenerentur,
638 1405 732 1469 liceat
755 1403 833 1468 mihi
856 1423 958 1468 coram
980 1403 1090 1480 dicere,
1115 1403 1195 1486 quod
1219 1403 1303 1468 totus
1325 1421 1429 1470 rerum

186 1507 261 1574 6616
275 1509 364 1574 66166
385 1508 424 1572 ab
440 1508 652 1572 observatione
674 1507 781 1591 legum
804 1507 990 1590 dependeat;
1014 1524 1085 1570 nam
1109 1506 1176 1590 ejus
1199 1507 1320 1590 generis
1341 1508 1428 1588 6616,

186 1605 466 1696 66166616611166
489 1612 618 1690 nititur,
642 1613 696 1676 a'ut
719 1612 772 1694 qui
794 1611 916 1676 omnino
938 1610 1074 1694 illegalis
1097 1611 1161 1689 est,
1184 1631 1341 1694 nunquam
1364 1613 1429 1678 vim

186 1717 266 1802 legis
281 1715 443 1782 obtinebit.
488 1715 599 1780 Modus
625 1717 739 1793 autem,
763 1715 816 1798 qui
841 1715 874 1778 in
898 1713 1011 1779 Russia
1037 1733 1055 1778 6
1082 1715 1243 1780 catholicis
1266 1715 1428 1782 ecclesiam

186 1836 274 1886 suam
301 1839 444 1903 reparare
477 1821 690 1904 cupientibus,
724 1821 960 1902 observabatur,
994 1819 1124 1897 isfuit,
1160 1821 1195 1884 ut
1227 1820 1428 1886 ecclesiarum

120 1968 123 1979 «
187 1924 391 2001 6616666116,
415 1941 493 2006 quaa
519 1925 586 1988 arte
608 1923 848 1988 architectonica
874 1942 949 2006 opus
975 1942 1035 1987 666
1061 1923 1206 2006 habebat,
1230 1923 1427 1990 6661666116·

182 2022 250 2114 'legi
272 2027 427 2114 generali,
456 2027 553 2092 libere
573 2027 787 2111 perficeretur,
811 2029 832 2093 i.
856 2047 882 2093 e.
903 2029 967 2092 sola
988 2029 1124 2110 potestas
1146 2023 1335 2106 dioecesana,
1360 2029 1426 2093 sine

92 2199 99 2210 ,
186 2133 363 2198 interuentu
392 2131 553 2214 regiminis
580 2131 696 2212 civilis,
726 2132 908 2196 facultatem
937 2133 1099 2214 reparandi
1124 2133 1291 2198 tribuebat.
1335 2133 1425 2222 Nunc

187 2237 311 2302 demam
338 2236 387 2300 116
416 2237 466 2302 15.
479 2257 480 2260 ’
493 2236 582 2302 Febr.
613 2237 694 2300 1845
721 2255 770 2300 66.
798 2236 941 2319 apparuit
956 2236 1121 2300 ministerii
1144 2255 1306 2302 causarum
1327 2237 1423 2300 inter-

107 2339 111 2349 '
186 2358 296 2405 narum
318 2338 496 2422 dispositio,
521 2358 599 2422 quae
621 2341 670 2405 661
692 2340 814 2404 minimi
834 2341 984 2405 momenti
1006 2342 1224 2424 reparationes,
1248 2341 1341 2404 etiam
1361 2359 1424 2419 666,

185 2443 239 2509 nbi
264 2443 349 2508 nulla
372 2461 422 2508 ars
445 2443 686 2510 architectonica
711 2444 892 2523 intercedit,
922 2445 1010 2527 plene
1037 2444 1142 2509 subdit
1172 2444 1304 2510 examini
1326 2444 1426 2508 civilis

186 2547 360 2631 potestatis.
404 2547 491 2612 Haec
513 2567 591 2614 6666
613 2548 749 2612 61616161
764 2549 887 2628 1661616,
911 2550 1036 2614 mutans
1060 2567 1096 2614 er
1118 2547 1241 2633 integro
1263 2549 1427 2632 antiquum

186 2650 323 2718 66116666
338 2651 460 2734 legibus
475 2651 661 2730 stabilitum,
685 2655 902 2719 convenienter
917 2654 975 2718 art.
992 2653 1056 2731 47,
1073 2653 1135 2731 50,
1152 2653 1214 2730 51,
1232 2653 1282 2716 54.
1300 2653 1377 2716 torni
1400 2655 1425 2718 l.

185 2754 293 2839 nequit
319 2755 426 2820 haberi
453 2756 615 2841 prolege,
642 2775 739 2840 »quae
761 2759 836 2822 tunc
863 2757 1010 2840 temporis
1038 2757 1101 2822 vim
1128 2757 1262 2841 legalem
1285 2757 1426 2840 imponit,

171 2855 308 2942 -qnando
333 2877 387 2942 per
413 2878 587 2942 supremam
615 2859 755 2926 Caesaris
781 2855 975 2927 voluntatem
1002 2861 1182 2926 confirmate
1208 2863 1284 2926 est<
1342 2861 1426 2926 Dum
1572 2917 1573 2940 ,

185 2960 284 3046 igitur
306 2962 386 3027 infra
409 2963 484 3030 dnos
507 2981 613 3043 annos,
635 2965 667 3029 61
688 2982 848 3048 supremae
869 2966 1048 3044 6616616116,
1072 2965 1269 3030 ecclesiarum
1293 2965 1425 3030 66116611-
1515 3011 1528 3018 -
1572 2947 1573 2992 ³

186 3083 299 3133 caram
314 3064 468 3150 reparatio
491 3067 589 3134 libera
611 3068 679 3150 fuit,
704 3069 893 3154 impossibile
917 3071 974 3149 661,
996 3071 1033 3134 61
1060 3069 1143 3134 11616
1169 3069 1336 3135 ministerii
1362 3071 1426 3135 dis-

185 3170 306 3254 positio,
330 3173 363 3236 et
388 3172 559 3238 cardinales
588 3173 673 3258 leges
700 3176 732 3239 et
757 3173 923 3240 articulum
949 3173 1156 3240 conventionis
1174 3174 1291 3240 Rornae
1312 3175 1424 3252 fectae,

184 3275 355 3360 intingere
378 3276 490 3343 valeat.
536 3277 562 3342 Ε
588 3279 695 3343 666166
723 3278 833 3343 statim
861 3299 897 3343 66
923 3279 1082 3344 conventio
1102 3278 1190 3370 'typis
1216 3279 1364 3344 mandata
1392 3280 1425 3344 16

185 3377 456 3444 manuductionem
479 3381 617 3446 omnium
631 3381 814 3447 transmissa
828 3383 898 3460 l'uit,
922 3383 1020 3448 6161116
1036 3383 1181 3464 potestas,
1204 3382 1322 3446 nullam
1342 3383 1425 3447 dilli-

185 3481 335 3546 ealtatem
358 3485 391 3547 in
404 3485 615 3549 restaurandis
632 3485 770 3550 ecelesiis
785 3487 934 3568 ponebat:
950 3475 1147 3551 'solummodo
1170 3486 1208 3549 ab
1225 3485 1328 3568 aliquo
1344 3487 1424 3551 tem-

184 3603 257 3668 pcre
272 3585 419 3668 impedire
434 3587 565 3652 liberem
587 3589 814 3671 reparationem
837 3589 936 3672 cepit:
961 3589 1014 3654 sed
1030 3609 1088 3670 quo
1110 3584 1258 3672 principio
1280 3589 1327 3654 ita
1349 3590 1424 3654 diri-

185 3687 280 3772 gitur,
288 3691 328 3762 ,et
344 3707 436 3771 quere
449 3691 556 3756 contra
570 3691 656 3776 leges
669 3693 848 3772 cardinales,
865 3712 920 3758 nec
936 3711 996 3758 666
1007 3691 1206 3775 Imperatoris
1221 3693 1423 3770 voluntatem,

183 3811 262 3876 quae
284 3793 317 3857 16
339 3792 535 3860 6611661631
553 3794 738 3862 concordati
753 3799 890 3882 apparet,
914 3798 991 3881 agit,
1015 3817 1064 3862 me
1089 3799 1211 3862 omnino
1233 3797 1322 3862 latet.
1356 3797 1424 3862 Hac

144 3910 147 3918 ’
185 3893 222 3960 16
237 3905 328 3964 cansa
343 3899 392 3963 die
408 3901 459 3963 24.
474 3899 592 3983 Aprilis
610 3901 692 3964 1852
717 3921 766 3966 an.
789 3900 996 3966 ministerium
1018 3901 1211 3992 negotiorum
1233 3901 1424 3966 internorum

184 4001 303 4066 certum
324 4002 459 4078 reddidi,
491 4005 585 4087 atque
615 4005 721 4070 eodem
744 4007 881 4090 tempore
908 4006 1020 4090 agnovi
1035 4007 1267 4084 6666666666,
1298 4004 1426 4084 l'tteres
1536 4009 1540 4013 ’

183 4123 283 4182 meas,
306 4106 417 4190 quibus
440 4107 539 4174 denuc
565 4127 739 4191 supremam
766 4108 905 4176 Caesaris
927 4110 1119 4178 voluntatem
1142 4109 1299 4174 delibera
1325 4107 1423 4173 ecole-

183 4207 298 4274 siarum
314 4211 515 4292 reparatione,
539 4212 711 4292 enunciari,
735 4213 920 4278 611666666
937 4212 1116 4296 expediendi
1138 4231 1173 4278 66
1194 4213 1308 4291 animo,
1331 4213 1367 4276 ut
1385 4197 1423 4276 'hi

183 4331 239 4396 cpe
254 4332 360 4378 earum
375 4333 436 4380 non
451 4317 549 4382 eclam
564 4318 799 4384 instaurationis
814 4317 1035 4400 impedimenta
1049 4319 1242 4394 removeant,
1259 4316 1313 4382 sed
1328 4317 1423 4382 simul

181 4416 215 4481 in
241 4435 314 4482 casu
339 4420 534 4486 666666116116
560 4421 697 4486 habeant
726 4422 960 4488 tundamentum
992 4439 1066 4488 suae
1093 4422 1283 4487 defensionis.
1334 4424 1423 4488 Licet
1572 4481 1573 4520 ,

181 4521 280 4606 igitur
294 4523 429 4590 facultas
444 4521 718 4610 libere'reperandi
732 4527 877 4592 ecclesias
892 4527 987 4593 luerit
1003 4527 1066 4592 illis
1083 4546 1102 4592 a
1117 4547 1167 4593 me
1184 4527 1419 4607 communicata,
1440 4609 1444 4612 .
1572 4531 1573 4612 1

181 4626 379 4696 nihilosecius
408 4631 514 4698 tamen
543 4631 642 4699 civilis
666 4633 804 4719 potestas
833 4632 909 4713 loci,
933 4651 999 4716 eos,
1024 4633 1077 4720 qui
1103 4632 1220 4700 dictam
1243 4649 1425 4722 supremam,
1572 4617 1573 4624 ¹
