3170 5128
117 304 123 312 ·
189 251 239 332 88
327 271 466 332 uuerden
484 287 531 332 aur
548 275 707 343 prostitutor
724 273 892 332 deotoedrilt
910 285 970 330 vom
990 271 1029 328 td.
1047 269 1191 328 November
1210 269 1283 325 redd.

188 463 334 546 pmoehia
361 463 536 530 Poseinensi
565 466 687 548 praeter
708 465 785 532 duos
807 463 992 542 saeerdotes‚
1014 479 1107 546 penes
1129 459 1229 544 ipsam
1253 454 1430 521 Eeolesiasn

189 558 367 646 reddentes,
389 558 469 632 nulii
491 556 545 634 alii
567 569 670 634 adsint
692 569 879 654 presbyteri:
900 585 999 649 neque
1021 563 1115 632 otiam
1137 563 1205 646 quis
1228 579 1263 628 ex
1284 557 1432 624 sacerdo·-

189 669 274 744 titus
293 688 388 752 ¹penes
409 670 541 756 capellas
564 672 702 751 habitat,
724 673 757 738 id
780 673 860 740 enim
873 689 937 754 ›per
959 668 1149 736 Gubernium
1171 664 1336 732 aerumma
1354 679 1432 746 pro-

190 759 411 838 hibitameet:
434 774 496 838 imo
518 793 674 859 nunquam
697 777 817 860 aliquae
840 774 919 840 aliae
942 789 1089 857 personae
1110 771 1245 836 oxelare
1267 767 1371 832 nomro
1393 763 1432 830 in

191 865 419 958 riae-paroehia
448 875 618 961 degebant:
645 869 685 944 'et
713 879 781 944 ideo
807 879 907 943 olenus
932 878 1067 944 russieus
1097 875 1217 939 nullum
1243 869 1431 952 exemplum,

157 1041 162 1055 ,
190 966 311 1044 nullum
333 977 451 1061 looum,
472 973 601 1057 'nullum
630 977 872 1048 ecelesiasticam
892 977 1073 1065 ‘spetialiter
1095 978 1126 1042 in
1153 996 1221 1042 sua.
1234 973 1432 1041 aeeusatione

191 1076 354 1176 designare
374 1082 486 1166 potuit.
531 1080 620 1148 Nihil
635 1103 706 1152 uero
721 1085 844 1164 nonum,
868 1085 895 1148 si
916 1083 949 1148 in
970 1081 1097 1166 eapellis
1110 1079 1243 1164 publicis
1264 1075 1433 1144 absolvun-

192 1181 245 1250 tar
266 1183 430 1269 adunando
452 1187 570 1270 divim,
592 1188 625 1254 id
647 1190 729 1254 enim
753 1187 931 1256 eoneeditur
955 1205 1010 1270 per
1035 1185 1200 1268 Imperiale
1226 1179 1431 1248 Guberuium.

194 1287 346 1374 Meges
367 1289 503 1373 Imperii,
525 1292 651 1358 nullam·
665 1293 827 1376 imponunt
849 1285 1076 1367 neeesutetem,
1098 1285 1297 1372 requirendae
1319 1301 1433 1368 appro-

193 1385 362 1460 metesa
378 1393 457 1460 elero
472 1389 653 1486 dominanti,
674 1397 728 1461 ubi
750 1395 855 1481 egitur
872 1395 910 1460 de
924 1392 1149 1462 restauratione
1164 1389 1249 1456 illius
1270 1389 1431 1464 adelasiae,

194 1488 273 1580 pirae
292 1492 357 1580 jans
379 1515 434 1581 per
453 1483 633 1566 eonsensum
653 1499 815 1584 regiminis
845 1498 967 1575 existite
995 1493 1073 1562 liaeo
1095 1494 1216 1560 nonnisi
1236 1494 1305 1558 turn
1326 1488 1433 1574 requi·

194 1591 285 1678 rem
307 1601 428 1684 quaudo
443 1619 492 1668 res
513 1605 656 1670 versatur
677 1604 759 1670 eirea
774 1601 958 1668 ereptionem
972 1618 1067 1666 nesae
1082 1597 1228 1666 eoelestee
1243 1593 1433 1674 oethelieae3
1471 1620 1474 1624 ·

196 1695 377 1794 propterea,
400 1705 508 1790 ignoto
529 1699 577 1772 est
601 1708 723 1780 omnino
745 1707 834 1784 ratio,
858 1723 952 1790 quare
974 1703 1111 1788 potestas
1133 1701 1235 1767 erulis
1254 1695 1287 1764 in
1308 1715 1434 1782 repense

197 1801 280 1888 tiene
311 1805 360 1874 r'el
392 1809 521 1898 minimi
539 1811 688 1876 momenti
697 1805 710 1890 ,'
739 1829 808 1876 mex
835 1803 968 1874 reeurrit
999 1805 1039 1872 ad
1070 1806 1195 1872 olerum.
1221 1801 1434 1870 dominantem

197 1903 471 1995 (arsenoitem),
500 1913 574 1978 dum
603 1913 652 1980 lex
677 1905 847 1998 imperialis
874 1912 1002 1978 minime
1028 1911 1061 1976 id
1085 1908 1234 1994 postulat.
1277 1905 1433 1984 Admau,

197 2007 422 2098 reparationem
444 2017 644 2084 eeolesiarurn
659 2017 881 2084 catholicorum
896 2015 1067 2099 dependere
1089 2013 1178 2078 aniee
1193 2029 1212 2076 a
1226 2011 1307 2076 olero
1322 2027 1434 2094 greeoo

89 2142 92 2154 ⁴
191 2117 308 2200 Basso,
330 2121 439 2203 sponte
462 2140 519 2187 sua
543 2123 699 2206 sequitu,
721 2123 839 2187 elerum
864 2119 1028 2186 Russiounr
1057 2137 1118 2184 nou
1142 2135 1230 2200 posse
1254 2113 1435 2180 beneodan

197 2231 325 2286 manum
348 2223 468 2290 adferre
490 2225 528 2290 ad
550 2225 769 2292 sustentandas
799 2223 945 2290 eoolosiao
972 2219 1099 2288 adierim
1128 2218 1350 2303 oonfessionie3.
1363 2217 1435 2284 inde

199 2324 355 2409 benignae
379 2327 482 2412 leges,
511 2329 624 2396 bonum
646 2319 862 2395 tantummodo
891 2321 1051 2396 tommano
1079 2324 1215 2390 omniurn
1241 2321 1434 2390 murreum

126 2500 129 2511 ¹
199 2423 325 2512 Imperii
347 2431 563 2515 respicientes,
585 2453 684 2518 neque
706 2423 867 2518 requirunt
889 2430 963 2496 oleri
986 2427 1173 2494 dominantis
1195 2445 1376 2494 eonsensum
1395 2423 1435 2494 ad

200 2528 419 2602 restaurandas
441 2537 586 2604 eoelesias
608 2537 790 2614 eotholioos;
813 2536 904 2602 aliter
926 2533 1009 2600 enim
1031 2530 1133 2598 dietus
1151 2532 1252 2598 eleros
1271 2529 1436 2614 prohibens

201 2629 302 2702 ubine
326 2631 548 2722 reparationem
576 2643 750 2707 nostramm
776 2639 990 2716 eeclesiarum,
1028 2655 1089 2702 non
1121 2635 1265 2702 obstante
1292 2651 1435 2717 suprema
1569 2675 1570 2684 κ

199 2731 398 2824 imperatoris
424 2746 600 2824 voluntate,
635 2747 771 2811 oboleret
802 2761 944 2810 suooessu
975 2740 1122 2824 temporis
1154 2759 1259 2808 omnes
1291 2737 1435 2804 eeclesias

202 2836 386 2923 catholicas,
410 2865 466 2913 nee
488 2867 548 2914 nou
571 2851 679 2933 ageret
699 2851 807 2914 eontra
820 2839 1057 2932 ¹dispositionem
1081 2843 1253 2928 regiminis,
1274 2841 1355 2928 quod
1375 2860 1459 2939 nou⁸

201 2944 302 3012 selum
316 2947 480 3031 permittit,
494 2941 558 3016 'sed
580 2952 675 3018 etiam
692 2953 837 3038 legaliter
862 2949 1002 3036 agnoseit
1028 2947 1224 3014 existentiam
1245 2949 1315 3014 tum
1340 2946 1435 3013 aeole-

203 3049 318 3118 erorum
332 3055 401 3118 tarn
424 3037 655 3138 peroeoiarumf
687 3056 809 3122 Oblivio
831 3057 863 3122 et
883 3049 1120 3138 praetermissio
1133 3051 1438 3136 harumdispoaitio·

202 3153 285 3221 rrum·
301 3177 357 3240 per
382 3159 566 3242 gnbernium
592 3160 689 3226 looole
714 3151 827 3238 effecit,
849 3161 886 3224 ut
908 3157 1072 3224 existentia
1094 3156 1293 3226 eooleoiarum
1319 3157 1353 3222 et
1374 3173 1438 3222 sors

203 3250 378 3326 cumeorum
406 3261 624 3331 catholicorum
647 3264 859 3348 principaliter
885 3261 1055 3346 dependat,
1077 3261 1117 3326 ab
1139 3259 1289 3344 episeopis
1314 3277 1438 3345 graeoo·

203 3356 415 3444 resedissem
430 3367 534 3450 potius
549 3387 567 3433 a
582 3359 714 3450 parocho
729 3367 857 3434 Russioo
879 3357 972 3450 hu'jue
992 3363 1042 3430 vel
1065 3357 1151 3430 illius
1172 3363 1241 3433 looi.
1284 3361 1439 3430 Benevola

204 3464 252 3550 lex
269 3471 412 3552 exposoit
445 3472 539 3536 utin
565 3462 753 3556 designando
782 3469 917 3555 ‘perooho
944 3467 1113 3547 catholieo,
1145 3467 1234 3550 apud¹
1255 3467 1439 3550 potestatem

202 3572 326 3640 ciuilem
345 3567 513 3666 expetatur
541 3576 663 3656 notitia,
686 3577 831 3660 objieitur
848 3565 894 3640 uie
917 3574 945 3639 ei
955 3573 1084 3656 aliquid
1099 3573 1155 3642 sub
1170 3573 1312 3656 reepeotu
1334 3571 1438 3638 ciuili?

204 3678 225 3742 i.
243 3697 267 3743 e.
294 3670 394 3760 quoad
420 3675 491 3764 ejus
508 3681 693 3746 fidelitatem
713 3680 747 3744 in
774 3679 931 3744 Thronuin
952 3677 985 3742 ei
1011 3675 1104 3760 leges.
1149 3667 1230 3740 Lede
1253 3677 1335 3756 Deo,
1361 3675 1438 3741 nulli

204 3772 335 3860 adsunt,
358 3784 411 3865 qui
437 3785 633 3850 censerentur
661 3783 707 3850 rei
734 3785 854 3867 eulpae⁴
871 3771 1024 3866 politicae.
1068 3778 1185 3860 Quodsi
1206 3775 1303 3865 aliqui
1328 3780 1362 3844 in
1386 3797 1438 3845 ne

205 3873 299 3970 &otiis
315 3885 527 3970 spiritualibus
542 3905 610 3952 euno
627 3907 684 3953 neo
699 3888 851 3954 conversis
873 3885 970 3953 unitis
993 3883 1137 3968 permixti
1159 3884 1231 3962 sint,
1254 3878 1358 3950 omnia
1378 3883 1438 3949 ista

205 3977 330 4077 negotia
356 4012 410 4076 per
443 3994 600 4060 decretum
627 3995 727 4060 eioilie
757 3979 921 4077 potestatis
951 3990 1144 4056 deciduntur.
1196 3991 1438 4069 Verumtamen
1477 4057 1484 4066 ,

103 4121 107 4128 ·
205 4096 317 4160 notitia
343 4097 389 4162 de·
407 4099 513 4163 futuro
541 4099 672 4182 parooho
701 4098 734 4164 in
761 4098 858 4164 alium
883 4095 1007 4173 omnino
1034 4111 1176 4177 eampum
1201 4092 1355 4158 translate
1384 4095 1437 4174 est,

205 4187 369 4284 respectus
386 4201 504 4268 soilieet
519 4202 624 4268 eludis-
633 4202 761 4280 transiit
776 4201 808 4266 in
822 4198 1101 4283 purereligiosum.
1135 4196 1312 4280 Superiores
1328 4196 1438 4262 etenim

206 4303 313 4368 oivilos
328 4305 473 4389 ,dirigunt
488 4325 520 4372 se
536 4307 575 4370 ad
589 4306 745 4390 episcopos
759 4319 999 4389 graeco-russos,
1022 4301 1075 4384 qui
1098 4319 1152 4384 pro
1175 4319 1231 4366 sua
1245 4301 1334 4383 parte
1349 4317 1439 4386 nego·

206 4395 286 4473 tium
315 4409 379 4476 hoo
394 4397 557 4476 remittunt
580 4411 620 4475 ad
642 4410 813 4493 opinionem
839 4425 963 4472 suorum
989 4404 1134 4471 looalium
1160 4404 1380 4488 permissum,
1409 4404 1440 4470 et

206 4513 255 4592 hi,
280 4531 340 4579 non
359 4514 449 4598 juxta
469 4513 553 4580 facte
574 4516 607 4582 et
630 4497 784 4598 allegate‚'
805 4511 859 4576 sed
879 4510 969 4594 jnxte
991 4525 1082 4574 suum
1103 4505 1347 4591 anapaestum,
1377 4507 1438 4574 sine

206 4617 280 4688 udis
296 4605 496 4700 documentis,
516 4617 671 4696 ¹dirimunt
692 4603 806 4684 sortem
827 4614 1020 4687 saeerdoturn
1044 4613 1077 4680 et
1094 4611 1291 4680 seelesiarum
1313 4609 1438 4678 orthod
