3170 5128
197 243 274 320 284
336 259 473 314 briouden
492 271 539 314 rur
557 261 715 324 plpstllcbeu
733 259 901 314 benlecbrilt
918 271 977 313 rom
1000 261 1036 313 15.
1054 261 1198 314 November
1218 263 1289 314 lbet.
1399 231 1405 239 ’

195 445 294 529 Regia
309 443 485 529 Majestate,
508 445 682 529 optimeque
701 447 880 512 consulebat
903 445 1040 511 civilium
1057 446 1210 511 virtutum
1230 446 1429 523 incremento,

196 547 542 631 securitatipublicae,
571 549 684 614 civium
710 550 916 632 prosperitati.
962 549 1121 632 Principes
1146 551 1307 632 chcsquc
1332 547 1430 614 nostri

194 651 313 715 sartam
328 652 445 716 tectam
460 651 490 718 S.
506 653 661 718 Ecclesiae
683 651 912 718 immunitatem
929 654 1094 731 sementes,
1117 669 1236 734 semper
1257 652 1291 716 et
1316 651 1430 733 ubique

195 763 263 818 eam
288 772 350 836 qua
374 753 479 832 decet,
502 757 651 819 auxerunt
673 755 834 834 libertate,
856 757 938 822 unde
960 773 1063 822 omnes
1085 773 1162 838 quae
1187 753 1331 836 antiquae
1353 773 1431 836 opu-

193 855 307 922 lentiae
331 855 514 921 restiterunt
539 857 703 940 reliquiae,
726 859 857 941 templs,
882 859 934 942 pia
959 859 1072 936 funda,
1092 857 1165 941 jura
1195 874 1231 920 ao
1255 855 1430 939 privilegia,

194 959 269 1041 quin
283 958 378 1024 etiarn
392 958 532 1023 fidelium
547 960 648 1039 corda,
672 961 775 1026 avitae
792 962 919 1045 pietatis
943 961 1099 1044 putandae
1125 960 1197 1024 sunt
1218 959 1430 1036 monumenta,

194 1061 305 1143 quibus
327 1063 431 1144 patres
453 1063 552 1128 nostri
573 1063 631 1128 Dei
653 1063 784 1147 gloriam
805 1065 838 1128 in
860 1064 998 1130 Ecclesia
1020 1064 1087 1147 ejus
1109 1081 1218 1128 ornare
1239 1061 1430 1144 propositum

193 1165 359 1229 habebant.
403 1165 519 1232 Verum
541 1166 694 1231 enimvero
716 1168 850 1250 augusta
871 1168 927 1232 illa
948 1166 1104 1232 Ecclesiae
1127 1164 1260 1230 conditio
1281 1183 1344 1229 una
1359 1183 1430 1228 cum

193 1267 277 1332 civili
299 1268 402 1350 gentis
426 1270 550 1334 nostrae
575 1269 721 1336 libertate
747 1275 870 1335 omnino
897 1271 1020 1336 corruit.
1065 1268 1213 1348 Quamvis
1236 1265 1318 1330 enim
1340 1263 1431 1330 sanc·

192 1369 322 1434 tissimis
345 1370 425 1435 votis
446 1371 629 1454 promissum
651 1373 839 1454 accepimus,
870 1371 1051 1456 religionem
1072 1369 1258 1434 catholicam
1279 1369 1431 1452 singulari

193 1473 263 1536 nori
287 1473 446 1557 regiminis
472 1475 572 1540 tutela
597 1475 822 1540 circumdatum
844 1476 900 1554 iri,
931 1476 1072 1540 attamen
1093 1474 1178 1557 leges
1200 1471 1428 1537 ecclesiasticae

193 1576 411 1642 auctoritatem
437 1559 613 1661 antiquam,
643 1577 801 1662 religionis
831 1578 934 1644 cultus
962 1577 1216 1660 qualemcumque
1238 1577 1427 1654 libertatem,

193 1678 363 1744 miserrime
378 1681 492 1747 emisit.

296 1780 396 1848 Codex
411 1784 517 1866 legum
532 1783 739 1848 criminalium
755 1801 834 1848 anno
844 1781 1008 1847 millesimo
1023 1781 1279 1865 octingentesimo
1294 1780 1429 1863 quadra·-
1523 1803 1527 1808 ·
1576 1825 1577 1844 i

192 1885 310 1968 gesimo
325 1887 456 1969 septimo
477 1887 662 1971 publicatus,
686 1887 843 1952 decretum
858 1885 980 1969 regium
1001 1886 1039 1950 de
1054 1885 1104 1950 die
1119 1887 1205 1950 sexta
1228 1885 1428 1969 (duodevige-

193 1989 283 2070 sima)
306 1990 411 2054 martii
437 1990 511 2055 a'nni
531 1991 690 2056 millesimi
711 1989 961 2074 octingentesimi
985 1988 1098 2054 decimi
1122 1988 1246 2070 septimi
1267 1989 1429 2054 machina-

192 2091 291 2156 tiones
312 2093 352 2156 ad
373 2093 558 2159 revocandos
580 2094 801 2158 catholicorum
823 2093 941 2158 animos
963 2092 1002 2156 ad
1023 2091 1204 2175 religionem
1226 2092 1428 2157 orthodoxam

191 2197 399 2278 nuncupatam
421 2197 593 2262 multifaria
621 2197 781 2282 regiminis
810 2196 934 2262 decreta
961 2195 994 2259 in
1023 2195 1244 2260 detrimentum
1268 2195 1429 2280 religionis

134 2358 136 2366 ,
191 2317 353 2377 romanae,
383 2300 554 2366 catholicae
580 2301 612 2366 et
637 2320 766 2386 graecae
798 2301 903 2364 unitae
930 2299 1014 2364 edita
1039 2298 1221 2382 gravissimo
1246 2299 1428 2364 auctoritati

191 2402 416 2468 ecclesiasticae
432 2405 505 2468 sunt
519 2404 738 2486 impedimento
753 2405 786 2467 in
802 2402 976 2468 exercendis
995 2401 1234 2486 obligationibus
1256 2403 1429 2486 spirituali-

190 2507 258 2583 bus,
281 2525 359 2598 quac
384 2507 452 2572 idco
478 2508 527 2572 vix
549 2527 585 2572 ac
604 2527 642 2572 ne
664 2508 713 2573 rix
742 2507 866 2589 quidem
895 2506 1057 2589 adimpleri
1078 2507 1204 2589 queunt.
1248 2506 1428 2572 Auctoritas

191 2611 398 2675 ecelesiastica
420 2611 548 2676 arbitrio
571 2611 736 2694 cnjrislibet
758 2610 904 2676 secularis
926 2610 1129 2694 magistratus
1153 2609 1273 2692 saepiu-s
1288 2609 1427 2688 obnoxiu,

191 2713 240 2778 vel
262 2713 441 2778 inferiorum
465 2714 635 2780 scribarum
657 2713 817 2797 superbiae
841 2713 968 2797 indigne
991 2713 1131 2796 subjecta
1152 2713 1201 2778 uti
1225 2713 1287 2778 vile
1311 2713 1429 2778 instru-

190 2816 329 2880 mentum
358 2817 504 2886 secularis
530 2817 699 2902 regiminis.
719 2818 807 2882 humi
831 2817 970 2900 postrata
996 2816 1182 2899 deploratur.
1226 2815 1369 2899 Episcopi
1391 2821 1428 2880 a'c

192 2917 377 2983 dioecesium
398 2920 674 2986 Administratores
696 2919 880 3002 subscripti,
902 2918 975 2982 fidei
997 2918 1166 2984 catholicae
1187 2919 1345 2996 custodes,
1374 2937 1428 2984 ve·

190 3021 293 3086 rentes
322 3041 360 3086 ne
390 3040 492 3087 coram
521 3023 679 3088 tremendo
707 3021 825 3087 Summi
850 3021 973 3086 Arbitri
999 3020 1116 3104 judicio
1147 3021 1193 3084 rei
1208 3021 1427 3100 inveniantur,

191 3124 271 3208 quod
293 3125 424 3209 gloriam
447 3125 520 3190 fidei
540 3125 617 3190 Jesu
633 3123 749 3190 Christi
770 3125 895 3190 sanctae
921 3123 988 3207 ejm
1013 3122 1169 3188 Ecclesiae
1194 3123 1426 3188 immunita-tem

191 3227 390 3302 securitatem
405 3246 440 3292 ac
455 3227 589 3292 salutem
604 3227 707 3311 gregis
722 3227 782 3291 sibi
797 3221 907 3290 crediti
921 3224 1122 3310 neglexerint,
1144 3227 1257 3309 rogant
1273 3226 1316 3291 Te
1332 3227 1425 3309 atquo

191 3331 362 3409 obsecrant,
384 3331 649 3398 Excellentissime
669 3332 810 3408 Domine,
832 3331 869 3394 ut
888 3329 989 3394 locum
1011 3329 1106 3413 Regis
1131 3329 1240 3394 tenens
1262 3332 1367 3395 nostro
1388 3347 1425 3395 ac

191 3434 265 3498 cleri
290 3433 425 3498 universi
450 3434 609 3513 Poloniae,
638 3433 775 3498 omnium
801 3432 932 3515 denique
959 3431 1099 3496 fidelium
1129 3431 1348 3498 catholicorum
1370 3452 1425 3498 no-

55 3535 59 3544 '
189 3538 271 3600 mine
294 3537 334 3601 ad
350 3536 467 3601 solium
488 3536 714 3621 Angustissimi
734 3535 932 3618 Imperatoris
954 3553 990 3599 ac
1011 3533 1114 3618 Regis¹
1136 3535 1286 3618 supplicia
1308 3556 1344 3602 ec
1365 3537 1425 3602 hu·

189 3638 321 3720 millima
335 3639 407 3704 vota
428 3641 533 3705 nostra
555 3639 750 3722 praesentare
773 3638 920 3722 digneris,
943 3637 1142 3720 Majestctem
1159 3638 1290 3722 Regiam
1314 3640 1425 3705 certio·

188 3741 254 3807 rem
276 3741 391 3807 faciens
413 3761 468 3808 nos
483 3743 787 3826 praedecessoresque
809 3741 928 3806 nostros
954 3759 1173 3824 saepenumero
1195 3743 1318 3825 quidem
1340 3745 1424 3810 mala

189 3846 374 3912 conscientia
404 3848 547 3932 omnique
565 3848 635 3931 jure
661 3847 800 3934 fidelium
824 3849 984 3931 pastorum
1006 3850 1165 3930 obstante,
1196 3848 1348 3932 accepisse
1369 3845 1424 3912 de·

189 3950 273 4014 creta
296 3949 426 4015 Sanctae
441 3951 597 4016 Ecclesiae
611 3951 731 4034 legibus
754 3951 862 4034 utique
884 3951 1088 4031 adversantia,
1110 3971 1192 4017 nunc
1206 3971 1275 4016 vero
1290 3949 1423 4032 amplius

187 4054 375 4136 impudenda
400 4054 564 4137 topiditats
585 4055 647 4120 ista
669 4073 704 4120 eo
729 4055 831 4120 nrinus
856 4055 1021 4138 persistece
1046 4073 1152 4137 posse,
1179 4053 1260 4135 quod
1281 4049 1423 4134 plorandi

187 4159 295 4223 tantae
310 4157 535 4222 humiliationis
550 4158 677 4224 effectus
692 4177 796 4224 coram
810 4159 952 4224 omnibus
966 4158 1103 4240 pateant,
1126 4155 1200 4238 quin
1214 4155 1312 4220 etiam
1326 4173 1423 4220 unum

187 4280 204 4326 e
226 4261 343 4344 gremio
357 4261 577 4344 Episcoporum
598 4262 720 4346 publico
735 4263 838 4328 dolore
853 4261 1027 4326 afflixerint.
1072 4260 1157 4340 Quae
1172 4279 1268 4342 quum
1287 4259 1334 4326 ita
1349 4260 1422 4340 sint,

188 4363 392 4430 eonscientiae
409 4365 554 4430 commoti
568 4366 726 4450 propulsu,
748 4366 825 4432 hoec
838 4365 1070 4448 praesentamus
1085 4365 1200 4448 petite:
1219 4373 1222 4379 '
1350 4383 1354 4390 ·

185 4570 253 4636 tato
291 4467 319 4531 1.
341 4468 379 4532 ut
400 4467 476 4534 fides
502 4469 654 4536 catholica
679 4485 805 4536 romana
830 4469 862 4537 in
889 4467 1051 4551 pristinam
1076 4469 1263 4536 restituatur
1288 4468 1422 4536 auctori-

252 4589 322 4648 m3.
394 4625 397 4630 .
