3102 5124
282 265 366 318 heber
383 265 423 318 die
442 265 633 329 Verlolssunueu
652 268 699 321 der
716 269 808 342 llircbe
825 269 851 322 in
871 269 995 322 boceland
1015 269 1066 324 und
1084 269 1168 322 l’olen.
1265 254 1340 330 373

96 455 235 520 rninime
258 453 425 537 obsequens
447 454 557 539 pergat
578 454 692 520 Vicarii
708 495 710 500 -
724 455 875 538 generalis
905 475 1030 522 munere
1059 455 1148 540 fungi
1177 455 1237 521 sibi
1258 475 1340 522 corn·

97 559 203 624 misso
226 577 244 622 a
263 556 440 623 Venerabili
459 558 567 624 Fratre
589 556 786 642 Sigismundo
810 559 1044 643 Archiepiscopo
1065 559 1261 626 Varsaviensi
1286 577 1342 626 suo

93 662 248 747 legitimo
262 659 412 737 antistite,
435 659 523 744 eique
538 660 569 724 in
584 660 725 725 omuibus
740 660 977 745 diligentissime
992 662 1123 728 obedire.

40 759 42 764 ⁴
211 765 398 841 Jamvero,
420 763 619 829 Venerabiles
644 764 785 842 Fratres,
812 763 885 829 dum
908 766 1027 832 caelum
1050 785 1086 830 ac
1107 767 1223 846 terram
1246 766 1342 830 testes

100 867 288 961 invocando,
309 867 347 932 de
368 865 518 946 omnibus,
541 886 619 950 quae
641 868 673 932 in
689 868 835 934 Poloniae
857 887 961 952 regno,
984 867 1113 952 aliisque
1135 867 1256 934 Russici
1277 865 1343 934 Im·¹

101 970 386 1055 perii'regionibus
406 971 514 1036 contra
541 970 727 1036 catholicam
755 971 930 1050 ecclesiam,
955 972 1080 1056 ejusque
1108 990 1264 1038 sacrorum
1286 990 1341 1038 an·

101 1074 244 1152 tistitm,
273 1073 443 1152 ministros,
469 1075 558 1158 jura,
587 1075 824 1158 patrimonium,
851 1094 887 1140 ac
912 1076 1039 1142 dilectos
1070 1075 1166 1159 ipsius
1196 1074 1343 1142 ecclesiae

102 1177 190 1242 filios
205 1177 295 1261 gesta
309 1177 382 1242 sunt
397 1178 429 1242 t
397 1178 603 1260 geruntur
626 1178 822 1243 vehementer
838 1179 1074 1262 expostulamus,
1090 1199 1106 1245 e
1107 1179 1232 1246 tetiam
1247 1181 1341 1263 atque

103 1280 206 1345 etium
235 1280 393 1362 querimur
420 1279 676 1362 persecutionem,
705 1299 800 1364 quam
823 1281 986 1346 Russicum
1012 1280 1203 1348 Guberuium
1236 1281 1343 1346 eontra

104 1383 272 1448 ecclesiam
302 1402 408 1468 gerere
435 1403 495 1448 non
524 1383 651 1464 desinit,
681 1385 827 1463 obsite
828 1387 926 1461 tullo
950 1385 1040 1452 modo
1062 1386 1188 1468 probam
1212 1367 1342 1453 volimus

106 1487 192 1552 male
213 1469 368 1553 consultos
390 1487 524 1552 motus'
515 1507 549 1552 ιιι
564 1487 692 1553 Poloniu
713 1487 825 1554 misere
846 1489 1005 1556 excitatos.
1048 1489 1162 1554 Omnes
1185 1487 1266 1554 onim
1288 1507 1343 1554 no·

106 1592 185 1656 runt
199 1592 313 1674 quanto
296 1589 430 1656 ostudio
452 1590 605 1656 catholica
618 1591 757 1657 Ecclesia
773 1611 893 1676 sempor
907 1591 1116 1670 inculcaverit,
1139 1611 1175 1658 ac
1194 1590 1343 1667 docuerit,

107 1713 233 1758 omnem
255 1693 389 1759 animam
411 1694 569 1759 subditam
592 1711 656 1760 osso
678 1696 886 1779 potestatibus
907 1695 1151 1775 sublimioribus,
1178 1703 1342 1777 omnesque

108 1797 397 1874 civiliancteritati
418 1798 571 1881 subjectos
598 1817 694 1878 essse,
727 1799 923 1882 debitamque
951 1799 1155 1866 obedientiam
1186 1799 1343 1882 praestare
1388 1861 1390 1870 .

108 1901 233 1966 omnino
255 1899 364 1966 dobere
385 1901 418 1966 in
439 1901 478 1966 iis
499 1901 657 1980 omnibns,
689 1907 767 1986 quac
792 1901 867 1980 Dei,
895 1903 1021 1987 ejusque
1045 1903 1201 1968 llcolesiae
1221 1901 1343 1986 legibus

108 2003 397 2070 mummmmm.
442 2003 1344 2089 Emmmsmmmmfflfflmmmhnjmmmffimmm

108 2107 239 2174 Russico
255 2106 411 2173 Gubernio
426 2125 534 2173 msam
549 2108 667 2174 dedisse
683 2109 723 2174 ad
737 2099 922 2175 catholicam
933 2109 1069 2193 quotidie
1084 2107 1344 2194 magiaricum

109 2211 193 2290 dam,
216 2212 248 2276 ιι
269 2211 500 2294 opprimendam
521 2211 692 2278 ecclesiam

214 2315 298 2380 Dum
322 2315 427 2380 autem
449 2315 605 2400 ejusmodi
631 2316 738 2381 christ
728 2333 832 2394 ranae,
864 2316 1008 2398 civilique
1030 2254 1215 2400 reipublicae
1240 2315 1344 2380 funos-

113 2417 250 2482 tissimos
270 2419 373 2482 motus
394 2419 592 2501 repmbamus
615 2438 650 2484 ac
671 2419 862 2498 damnamus,
885 2419 970 2484 hand
992 2437 1160 2502 possumus,
1183 2417 1257 2504 quin
1279 2435 1344 2483 om-

114 2520 204 2585 nibns
225 2519 353 2584 summis
367 2522 547 2604 populorum
561 2521 750 2605 principibus
765 2522 962 2588 vehementer
975 2513 1173 2599 inculcemus,
1195 2521 1232 2586 ut
1247 2539 1344 2604 quan·

113 2625 181 2688 tum
201 2622 235 2686 in
260 2622 335 2706 ipsis
360 2625 418 2703 est,
440 2625 543 2690 omnia
564 2627 728 2702 conentur,
751 2645 789 2691 ne
810 2627 843 2690 in
870 2645 921 2692 eos
946 2626 1130 2712 gravissima
1153 2625 1210 2692 illa
1232 2623 1345 2693 cadunt

114 2727 234 2792 divinae
257 2725 426 2810 sapientias
440 2726 481 2792 od
495 2745 584 2811 reges
599 2729 708 2792 verba:
734 2728 903 2809 »Quoniam
928 2730 1002 2796 data
1020 2730 1076 2795 est
1100 2727 1264 2794 aDomino
1289 2745 1345 2809 po·

114 2830 1424 2917 mmmmmfflmfflmwmwfflm·

116 2932 315 3018 cogitationes
345 2934 550 3012 scrutabitur3
580 2935 723 3018 quoniam
751 2953 821 3000 cum
850 2935 958 3002 essetis
985 2935 1119 3000 ministri
1140 2934 1228 3019 regni
1249 2934 1344 3012 illius,

116 3057 174 3103 non
192 3038 275 3104 recto
293 3038 468 3122 judicastis,
492 3057 548 3103 nec
566 3039 744 3104 custodistis
766 3039 867 3124 legem
886 3038 1039 3123 justitiae,
1060 3057 1158 3122 neque
1179 3037 1344 3104 secundnm

118 3141 306 3208 voluntatem
320 3141 380 3207 Dei
395 3141 593 3219 ambulastis;
606 3141 764 3208 'horrende
780 3143 811 3207 et
826 3141 888 3207 cito
904 3139 1064 3224 apparebit
1082 3141 1178 3219 vobis,
1201 3140 1344 3223 queniam

117 3245 264 3328 judicium
290 3245 489 3311 durissimum
511 3245 560 3311 hi's
583 3246 636 3329 qui
657 3247 813 3330 praesunt,
838 3245 902 3324 fiet,
925 3244 1035 3329 exiguo
1061 3245 1143 3310 enim
1169 3244 1345 3310 conceditur

119 3348 324 3414 misericordia
344 3350 485 3433 potentes
510 3350 616 3416 autom
641 3350 782 3432 potenter
806 3350 960 3415 tormenta
973 3349 1196 3433 patientnr1).‹
1241 3348 1346 3430 Atque

120 3453 211 3518 etiam
232 3471 337 3519 omncs
359 3472 495 3519 summos
515 3452 667 3536 principes
693 3452 819 3536 majore,
841 3471 901 3536 qua
928 3470 1098 3535 possumus,
1121 3451 1217 3518 animi
1238 3449 1346 3516 Nostri

52 3577 55 3588 ·
120 3557 307 3623 contentione
332 3557 495 3622 hortamur
519 3558 552 3622 et
576 3575 731 3641 rogamus,
753 3556 789 3620 ut
814 3555 979 3639 aliquande
999 3553 1185 3639 intelligere,
1207 3551 1346 3620 animad-

121 3661 244 3737 vertere,
268 3677 303 3724 ao
323 3677 447 3725 noscere
461 3659 559 3724 velint
573 3659 652 3742 quod
669 3659 784 3743 populi,
806 3677 877 3724 oum
898 3679 916 3724 a
938 3657 1134 3724 sanctissima
1148 3658 1252 3722 nostru
1273 3655 1346 3722 reli·

122 3761 216 3844 giona
239 3761 364 3844 ejusque
390 3761 521 3826 salutari
547 3760 696 3839 doctrina,
718 3763 811 3846 utque
837 3782 856 3827 a
881 3762 986 3828 debita
999 3781 1073 3846 erga
1087 3762 1198 3839 Deum,
1221 3760 1347 3844 ejusque

123 3863 286 3940 ecclesiam,
303 3864 335 3927 ct
348 3863 434 3947 logos
450 3862 634 3941 obedientia,
659 3865 691 3929 et
705 3883 724 3928 a
738 3865 837 3930 libera
858 3883 929 3930 cum
946 3865 1005 3929 hae
1024 3865 1055 3930 S.
1077 3862 1155 3930 Sede
1176 3862 1347 3928 communi-

123 3967 235 4032 catione
249 3966 346 4032 amoti
361 3965 485 4043 iruerint,
507 3965 576 4030 tum
597 3963 864 4049 perniciosissimis
878 3967 1049 4050 quibusque
1063 3966 1226 4045 erroribus,
1247 3964 1348 4032 vitiis-

123 4089 176 4153 que
189 4069 407 4154 depravantur,
429 4069 461 4133 et
475 4067 586 4133 iccirco
607 4069 720 4148 evenit,
741 4071 778 4134 ut
799 4069 892 4135 iidem
911 4070 1026 4153 populi,
1048 4070 1158 4136 timore
1180 4070 1212 4136 et
1231 4067 1347 4152 pietate

125 4191 191 4256 erga
208 4172 309 4236 Deum
335 4171 470 4249 sublata,
492 4172 640 4255 suavique
664 4171 823 4256 religionis
843 4173 919 4258 jugo
943 4173 1094 4252 erutuet
1115 4173 1206 4256 plane
1227 4171 1348 4254 abjecta

125 4273 300 4350 obedientia,
323 4292 401 4356 quae
416 4274 492 4352 Deo,
516 4275 642 4358 ejusque
664 4275 809 4340 eeclesiae
824 4277 856 4341 et
870 4275 991 4360 legibus
1014 4275 1136 4341 omnino
1154 4275 1294 4351 debetur,
1315 4273 1347 4336 in

126 4376 295 4442 offrenatum
316 4375 448 4454 vivendi,
471 4378 643 4463 agendique
664 4378 822 4444 licentiam
836 4380 948 4446 misere
961 4380 1172 4465 prolabantur,
1194 4378 1227 4444 ot
1240 4377 1349 4442 ambu-

221 4606 249 4670 l)
267 4605 327 4671 sep.
343 4613 367 4656 c.
384 4603 409 4656 ι.
427 4615 451 4658 v.
469 4605 495 4671 t,
512 4603 539 4660 d.
556 4605 583 4672 t,
600 4603 623 4658 7.
