3102 5124
293 277 377 340 deber
394 277 644 351 treverensem
662 278 709 339 der
724 275 816 340 lllrche
832 282 861 340 lu
877 280 1003 340 arenul
1021 285 1073 340 unu
1091 283 1178 340 loten.
1280 261 1352 345 ddi

118 474 266 558 suscepta
286 491 347 539 non
369 473 468 542 solum
489 471 529 538 ad
551 470 692 538 eumdem
714 473 833 538 motum
851 471 1112 556 conprimendum,
1133 491 1240 539 varum
1262 471 1358 537 etiam

117 579 163 643 ad
178 575 363 644 catholicam
377 575 560 661 religionem
582 573 689 641 eodem
703 575 736 640 in
749 593 846 660 regno
861 576 973 645 sensim
988 573 1210 660 extirpandum.
1254 573 1358 658 Atque

118 681 230 746 eodem
252 681 389 763 tempore
407 677 683 758 manifestavimus,
702 680 843 762 oportere
864 679 1042 764 hujusmodi
1062 678 1257 744 tristissimos
1277 694 1358 742 nun-

119 784 186 849 cios
197 781 373 873 indubitato
387 782 486 858 modo,
502 799 538 846 ac
553 783 668 866 majore
691 782 876 848 auctoritate
891 781 1090 865 comprobari,
1113 780 1358 864 quandoquidem

119 886 255 970 publicis
278 884 522 969 ephemeridibus
536 885 626 969 plena
640 885 716 951 fides
740 885 880 950 adhiberi
903 885 1153 969 semperneqait.
1183 884 1274 950 Nunc
1288 901 1359 950 vero

120 1009 160 1055 ex
175 989 314 1073 pluribus
328 989 482 1072 vanisque
502 989 564 1060 fide
585 989 688 1074 dignis
707 989 893 1056 testimoniis
916 989 955 1053 ad
970 989 1035 1055 Nos
1061 989 1190 1073 perlatis
1213 1004 1283 1056 eum
1305 987 1359 1072 ju-

120 1093 265 1158 credihili
286 1092 381 1158 animi
395 1093 503 1158 Nostri
525 1093 627 1159 dolore
649 1093 838 1177 agnovimus,
861 1093 1060 1158 Venerabilee
1080 1093 1214 1172 Fratres,
1236 1089 1361 1157 verisei-

119 1215 191 1262 mas
207 1215 272 1261 esse
295 1197 489 1274 acerbitates,
505 1196 617 1279 quihus
633 1215 652 1261 a
666 1195 782 1263 mesico
803 1195 952 1280 gubernio
967 1195 1120 1261 catholica
1134 1195 1264 1261 ecchsia
1277 1194 1361 1278 ejus·

120 1317 183 1382 que
206 1299 351 1377 ministri,
375 1302 406 1366 et
422 1299 555 1366 cultores
569 1299 671 1384 magis
686 1299 719 1363 in
733 1299 799 1364 dies
814 1299 995 1365 divexentur
1017 1317 1053 1364 ac
1074 1300 1259 1365 lacerantur.
1303 1298 1361 1364 llt·

121 1403 206 1467 enirn
233 1403 316 1468 certo
341 1403 504 1484 scivimus,
537 1403 619 1469 idenr
646 1401 829 1488 gvbernium
859 1402 981 1487 jamdiu
1010 1403 1180 1468 catholicae
1213 1401 1360 1467 eeclesiae
1431 1450 1434 1460 ,

121 1525 315 1590 summopere
329 1507 494 1587 infensum,
517 1525 682 1590 omnesque
705 1506 744 1572 ad
763 1505 1007 1572 lnnedhdmum
1029 1507 1164 1571 schisma
1184 1505 1360 1590 pertrahere

121 1613 287 1694 exoptans,
319 1611 470 1676 excitatae
502 1609 743 1694 perturbationis
771 1610 931 1692 praetexta
962 1609 1188 1674 sanctissimam
1222 1610 1361 1675 nostmn

121 1714 322 1797 religionem,
351 1733 516 1796 omnesque
541 1713 709 1779 catholicos
737 1713 908 1802 quibusque
932 1712 1032 1777 modis
1065 1712 1179 1778 acriter
1204 1711 1360 1776 insectari.

124 1818 217 1896 Hinc,
242 1817 447 1882 conventione
470 1836 541 1882 cum
554 1817 662 1896 Nobis,
685 1818 718 1882 et
739 1817 799 1882 hac
821 1816 851 1882 S.
868 1815 945 1882 Sede
970 1817 1049 1881 inita
1073 1830 1230 1899 nunquam
1251 1815 1360 1900 plenae

127 1920 297 1985 executioni
312 1919 467 2010 mandata,
491 1938 527 1985 ac
541 1921 673 2004 publicis
696 1920 797 2003 pactis
819 1919 857 1984 de
879 1919 1031 1984 catholica
1053 1917 1201 2004 religione
1222 1917 1255 1981 in
1270 1917 1360 1982 Polo·

127 2024 196 2088 niae
212 2023 319 2107 Regno
340 2023 456 2088 tuenda
477 2024 567 2106 plane
590 2023 752 2106 despectis,
774 2022 976 2106 plurimisque
998 2021 1091 2086 editis
1112 2021 1234 2106 legibus
1255 2021 1288 2086 et
1309 2019 1362 2086 de·

125 2126 219 2191 eretis
233 2127 278 2190 rei
295 2113 465 2192 catholicae
479 2126 611 2191 maxime
627 2125 772 2205 adversis,
795 2123 980 2210 gubernium
993 2123 1075 2189 idem
1090 2143 1248 2210 numquam
1265 2123 1363 2188 inter-

125 2231 213 2295 misit
227 2230 381 2296 catholiea
396 2231 510 2314 scripta
524 2230 718 2310 interdicere,
733 2231 766 2296 et
779 2230 885 2308 libros,
908 2228 1177 2312 ephemeridesque
1192 2227 1362 2314 catholicae

126 2332 283 2397 doetrinae
299 2334 421 2399 omnino
442 2334 661 2418 repugnantes
684 2334 716 2398 et
737 2333 770 2397 in
786 2332 902 2398 Christi
917 2331 969 2395 hic
982 2331 1015 2395 in
1033 2331 1126 2414 terris
1140 2330 1308 2409 vicarium,
1321 2329 1364 2395 et

127 2436 335 2518 Apostolieam
361 2436 441 2501 hanc
467 2437 577 2502 Sedem
604 2453 795 2522 summopere
817 2435 997 2518 injuriosas,
1028 2437 1121 2517 atque
1145 2435 1187 2498 ad
1212 2434 1363 2502 Polonum

128 2539 307 2622 praesertim
321 2539 467 2621 populum
490 2539 718 2622 depravandum
733 2537 981 2604 accommodatas
996 2537 1207 2616 disseminare,
1230 2538 1263 2602 et
1280 2555 1364 2602 conr·

127 2641 366 2707 manicationem
381 2659 451 2706 curn
466 2643 562 2706 Nobis
583 2644 614 2707 et
630 2643 688 2706 hae
703 2642 881 2725 Apostolica
907 2640 985 2707 Sede
1007 2640 1201 2724 praepedire,
1225 2641 1258 2706 et
1277 2639 1364 2724 jura-

126 2745 266 2810 mentum
288 2743 400 2810 divinis
425 2745 547 2828 legibus
573 2745 761 2810 conharium
785 2745 1001 2828 praescribere,
1028 2746 1061 2809 et
1085 2744 1231 2828 populum
1256 2745 1364 2809 contm

127 2847 293 2913 catholicoe
315 2847 489 2912 sacerdotes
511 2847 661 2922 excitare,
684 2848 717 2912 et
741 2847 920 2930 prohibere,
942 2865 981 2911 ne
1006 2847 1178 2930 praedicari
1203 2863 1239 2912 ac
1260 2845 1364 2913 doceri

126 2952 220 3034 queat
234 2949 413 3029 discrimen,
436 2951 518 3034 quod
542 2951 624 3016 luter
649 2951 834 3016 catholicam
856 2950 1021 3016 veritatem
1048 2951 1093 3015 et
1109 2950 1243 3015 schisma
1265 2951 1363 3016 inter-

128 3055 219 3132 sedit,
241 3055 274 3118 et
292 3053 484 3138 gravisdmis
505 3053 682 3120 oonshtutis
700 3054 806 3137 poenis
825 3053 984 3137 impedire,
1007 3053 1170 3136 quominus
1192 3052 1305 3136 aliquis
1326 3071 1363 3118 ex

127 3157 243 3222 infelici
268 3158 433 3224 schismate
456 3175 621 3244 emergere,
646 3160 678 3224 et
705 3159 744 3237 ad
773 3159 943 3224 catholicae
959 3157 1114 3224 Flccleaiae
1140 3157 1242 3222 sinum
1265 3157 1364 3224 redire

127 3260 234 3344 possit.
279 3259 361 3326 Hinc
376 3261 526 3346 Rehgiosi
546 3263 606 3328 viri
621 3279 657 3328 ex
671 3262 736 3326 suis
750 3261 903 3328 coenobiis
918 3261 1087 3341 deturbati,
1110 3279 1275 3344 eorumque
1297 3280 1365 3326 rno-

127 3363 263 3430 nasteria
277 3365 466 3432 militaribus
486 3357 679 3434 stationibus
694 3366 858 3446 deshnata,
882 3367 914 3432 et
936 3365 1082 3432 catholici
1102 3364 1246 3450 Episcopi
1268 3385 1287 3430 a
1308 3383 1365 3431 sua

127 3468 266 3535 Dioecesi
289 3470 420 3554 abrepti,
443 3471 475 3536 et
498 3470 588 3536 exilio
609 3470 746 3550 multati,
769 3471 802 3536 at
826 3471 979 3536 innumeri
1004 3473 1067 3536 lere
1093 3469 1240 3536 catholici
1262 3469 1366 3554 graeci

127 3573 205 3636 ritus
220 3571 357 3638 subdolis
372 3574 544 3666 quibusque
564 3573 844 3639 machinationibus
861 3574 983 3658 jamdiu
1004 3574 1037 3639 in
1059 3573 1193 3640 schisma
1215 3571 1365 3639 violenter

128 3675 238 3754 tracti,
262 3677 294 3740 et
317 3675 460 3769 impediti
482 3677 521 3741 ad
548 3677 738 3744 redeundum
762 3678 796 3744 in
822 3679 992 3746 catholicae
1017 3677 1174 3744 Ecclesiae
1200 3675 1364 3762 gremium,

130 3775 225 3841 relati
250 3778 445 3860 exoptarent,
468 3797 504 3844 ao
529 3779 768 3846 innumerabiles
794 3781 889 3846 etiam
914 3781 1006 3847 latini
1030 3781 1110 3846 ritus
1137 3779 1283 3844 catholici
1310 3797 1365 3864 per

130 3879 225 3944 mixto
249 3881 431 3964 praesertim
456 3881 655 3948 matrimonia
687 3883 857 3950 catholicae
882 3884 1038 3950 hennae
1064 3884 1178 3968 erepti,
1213 3885 1245 3949 et
1277 3883 1364 3968 pueri

128 3984 288 4050 catholicis
301 3985 481 4069 parentibus
501 3987 611 4068 orbati,
635 3989 691 4054 snb
711 3988 830 4054 tutelae
855 3989 1027 4072 praetextu,
1049 3989 1082 4054 in
1106 3989 1291 4076 longinquas
1315 4008 1365 4054 re-

129 4089 232 4172 giones
247 4089 414 4170 amandati,
438 4109 456 4156 a
478 4091 630 4158 catholico
650 4094 737 4158 cultu
759 4093 867 4172 avulsi,
894 4094 927 4159 et
947 4093 981 4158 in
1002 4093 1177 4160 schismatis
1200 4094 1364 4161 discrimen

129 4189 261 4257 adducti.
306 4193 388 4259 Hine
402 4194 555 4262 innumeri
571 4196 718 4282 cujusque
733 4195 866 4282 generis,
883 4198 1007 4279 aetatis,
1031 4191 1119 4264 sexus
1135 4200 1167 4264 et
1181 4195 1363 4266 conditionis

130 4295 273 4360 catholici
295 4315 484 4382 summopere
508 4299 626 4380 afflicti,
649 4303 681 4368 et
702 4301 736 4367 in
757 4301 980 4368 remotissimas
1002 4304 1103 4369 terras
1124 4302 1308 4382 transducti,
1332 4302 1365 4367 et

131 4397 348 4465 catholicorum
369 4402 485 4486 templa
505 4403 634 4489 direpta,
656 4407 783 4490 polluta,
807 4425 843 4472 ao
867 4407 901 4472 in
927 4407 1047 4473 cultum
1072 4407 1288 4485 acatholicum,
1314 4405 1364 4471 vel

130 4502 162 4565 ir
182 4501 333 4568 militares
347 4506 496 4572 stationes
511 4527 667 4591 conversa,
691 4511 723 4576 et
732 4511 883 4577 catholici
905 4511 1078 4578 sacerdotes
1099 4505 1309 4577 miserandum
1331 4509 1364 4574 in

132 4605 254 4672 niodum
269 4607 381 4689 vexati,
403 4610 528 4696 suisque
542 4613 631 4680 bonis
645 4615 770 4699 spoliati
793 4615 833 4680 ad
852 4616 976 4683 tristem
996 4616 1215 4710 paupertatem
1236 4612 1364 4694 redacti,

1092 4719 1159 4786 24*
