3170 5128
271 259 328 312 eros
346 257 385 311 u.
403 260 427 310 o.
443 258 503 312 suns
521 259 585 310 rem
606 269 639 310 en
657 256 709 310 ren
727 257 882 314 nnuman
898 261 1049 318 sinrowsu
1069 277 1102 318 zu
1120 267 1269 322 wascum.
1313 253 1388 332 279

154 445 324 512 revocanda
349 462 416 510 esse
437 444 606 510 necessario
633 444 932 526 existimareremus,
955 449 1069 516 'iccirco
1091 453 1261 532 voluimus,
1292 455 1329 520 ut
1357 455 1391 520 in

155 548 239 614 aliud
265 549 443 630 separatum
468 548 610 612 volumen
631 566 737 614 omnes
758 549 891 615 Nostrae
916 552 1105 619 referrentur
1123 557 1287 638 petitiones
1308 558 1391 623 circa

155 652 339 734 argumenta
353 651 391 716 ab
406 650 617 733 imperialibus
637 651 791 736 regiisque
812 653 1089 736 plenipotentia-iis
1103 659 1230 724 minime
1245 661 1390 741 admhsa,

154 755 250 835 utque
264 753 311 818 ite
326 753 466 818 omnibus
482 754 574 832 clare,
590 755 755 836 aperteque
770 755 935 834 constaret,
950 758 1015 822 Nos
1030 779 1199 843 numquam
1214 762 1390 830 adhaesisse

154 857 212 922 ulli
236 855 425 939 exlegibus,
447 874 526 939 quae
551 875 632 922 nunc
656 857 773 940 rigent,
796 859 829 922 et
855 858 896 922 ad
921 860 989 942 ipsa
1014 863 1170 944 pertinent
1196 867 1389 948 argumenta.

154 961 288 1026 Nostrae
302 959 551 1042 veropetitionea
566 979 602 1026 eo
617 962 808 1043 spectabant
832 963 868 1027 ut
890 962 945 1028 isti
966 965 1072 1030 fideles
1087 985 1157 1032 oum
1180 968 1239 1034 hac
1262 968 1292 1036 S.
1312 968 1391 1035 Sede

153 1063 250 1130 libere
270 1063 496 1130 mmmcmcue
517 1066 664 1146 possent,
697 1066 734 1130 ut
756 1065 795 1130 ab
813 1067 1036 1150 episcopalibus
1048 1069 1246 1135 consistoria
1269 1089 1392 1138 amove·

153 1167 260 1233 rantur
280 1166 458 1248 wauceles
478 1166 657 1249 imperialis,
680 1168 713 1232 et
734 1167 832 1233 laicus
855 1169 1039 1236 monetarius
1054 1189 1074 1250 a
1088 1172 1237 1255 gubernio
1252 1175 1391 1242 nomina-

153 1271 215 1348 tus,
238 1270 277 1334 ut
288 1268 435 1334 catholici
456 1270 540 1336 omui
564 1259 710 1334 libertste
734 1270 856 1338 adirent
883 1273 1036 1337 catholica
1060 1273 1238 1364 tribunalia,
1265 1273 1389 1360 illisque

154 1391 262 1438 causas
288 1371 474 1456 subjicerent
499 1373 600 1455 quoad
629 1373 831 1440 matrimonia
856 1375 895 1439 ab
921 1375 995 1457 ipsis
1022 1395 1092 1440 cum
1118 1378 1298 1444 acatholicis
1319 1397 1392 1444 eon·

154 1477 274 1552 tracta;
296 1475 333 1540 ut
347 1475 381 1538 in
394 1475 520 1540 russinis
535 1476 676 1542 dominiis
690 1477 792 1542 locum
808 1478 960 1544 haberent
982 1479 1201 1546 instructiones
1224 1483 1263 1547 ab
1277 1483 1337 1547 hae
1359 1482 1389 1549 S.

155 1579 234 1646 Sede
246 1597 302 1662 pro
316 1578 488 1662 Hungaria,
511 1579 641 1662 chaque
654 1580 730 1646 locis
744 1581 846 1646 editae
862 1581 944 1646 circa
959 1583 1057 1648 mixta
1072 1584 1234 1650 connubia.
1278 1587 1391 1651 Postu-

154 1683 287 1748 larimus
301 1682 407 1760 etiam
430 1684 467 1748 ut
481 1683 654 1762 aboleretur
669 1684 720 1750 ler
735 1703 815 1748 anno
832 1686 913 1750 1832
937 1686 1013 1765 lata,
1037 1705 1116 1768 quae
1136 1687 1264 1754 minime
1283 1707 1391 1774 recog·

156 1786 255 1852 uomit
268 1786 371 1852 ualida
391 1786 590 1852 matrimonia
612 1787 718 1866 mixta,
740 1787 800 1852 nisi
822 1788 861 1854 ab
884 1789 1055 1854 acatholico
1075 1791 1253 1889 presbytero
1273 1792 1391 1858 fuennt

155 1890 330 1969 benedicte;
352 1892 389 1956 ut
403 1891 441 1956 de
463 1891 564 1956 medio
586 1892 768 1958 tollerentur
789 1893 884 1978 leges,
909 1913 988 1976 quae
1012 1893 1176 1978 religiosae
1202 1895 1390 1978 professioni

155 2014 192 2060 ac
205 1994 317 2060 studiis
331 1995 364 2060 in
378 1995 540 2072 coenobiis,
563 1997 595 2060 et
616 1995 731 2062 liberae
746 1997 940 2080 regularium
962 2015 1032 2062 eum
1059 1998 1210 2081 supremis
1235 1999 1299 2064 suis
1323 2018 1390 2065 mo-

154 2098 348 2165 demtoribns
366 2099 483 2164 Romae
506 2098 690 2182 degentibus
712 2100 980 2166 communicationi
1006 2101 1225 2180 adversantur3
1247 2105 1284 2167 ut
1309 2103 1391 2168 clero

154 2223 211 2270 sna
225 2202 329 2268 omnia
341 2203 551 2268 restaurentur
565 2203 661 2280 bona;
677 2203 714 2267 ut
728 2203 861 2287 episcopi
875 2205 968 2269 latini
982 2204 1062 2269 ritus
1076 2205 1200 2287 possent
1208 2205 1253 2283 ,ad
1268 2207 1390 2290 tempus

154 2327 242 2374 suam
256 2307 289 2371 in
303 2323 431 2390 graecm
443 2306 546 2372 unitos
557 2302 807 2389 jurisdictionem
821 2325 969 2374 exercere.
1004 2307 1133 2391 Insuper
1149 2307 1391 2393 efflagitavimus

154 2412 192 2478 ut
206 2410 428 2494 abrogarentur
442 2409 538 2494 leges,
560 2427 640 2492 qnae
654 2409 726 2474 istic
740 2411 848 2476 vemat
868 2411 1007 2476 homines
1029 2410 1070 2475 ad
1092 2409 1262 2478 catholicae
1283 2411 1391 2478 hiccle-

154 2515 217 2580 siae
243 2514 345 2579 sinum
365 2512 476 2591 redire,
500 2513 531 2577 et
557 2531 627 2577 curu
642 2501 755 2596 quibus
779 2515 871 2596 plane
897 2514 1041 2598 congruit
1066 2513 1127 2579 alia
1152 2515 1208 2580 illa
1238 2515 1391 2588 ordinatio

154 2617 326 2684 catholicae
347 2615 491 2699 religioni
512 2616 634 2681 omnino
656 2617 794 2696 aduersa,
817 2635 853 2682 ex
875 2636 936 2700 qua
959 2619 1066 2683 oontm
1087 2617 1227 2685 divmum
1247 2637 1391 2702 praecep·

154 2723 222 2788 tum
237 2721 275 2789 ab
297 2720 363 2802 ipso
382 2717 508 2784 (lhristo
528 2720 659 2784 Domino
681 2719 789 2785 datum
812 2720 905 2785 eundi
925 2721 959 2784 in
978 2720 1128 2786 mundum
1150 2720 1336 2802 universum,
1360 2723 1392 2790 et

153 2822 351 2907 praedicandi
365 2821 561 2906 euangehnm
575 2822 659 2887 omni
679 2823 849 2901 creaturae,
871 2822 1018 2888 catholici
1036 2823 1169 2906 operarii
1189 2825 1392 2906 prohibentur

153 2946 213 2992 non
234 2925 334 2994 solum
357 2925 433 2990 alins
456 2923 496 2989 ad
515 2923 712 3008 evangelicae
733 2923 876 2990 veritatis
898 2925 1000 2989 lucem
1022 2943 1146 3004 vocare,
1168 2945 1274 2992 verum
1296 2927 1391 2992 etiam

152 3029 193 3094 iis
214 3029 412 3094 sanctssima
431 3028 626 3092 sacramenta
647 3027 811 3110 impertiri,
834 3028 887 3111 qui
903 3028 994 3093 antea
1016 3029 1057 3092 ad
1079 3029 1264 3094 catholicam
1285 3029 1392 3094 Eccle-

154 3133 233 3200 siam
255 3131 383 3198 minime
408 3130 612 3213 pertinebant.
657 3131 765 3213 Neque
791 3130 950 3196 emisimus
976 3149 1167 3214 summopere
1189 3131 1333 3214 conqueri
1354 3130 1392 3196 de

153 3256 233 3303 nova
255 3235 425 3320 juramenti
446 3235 587 3313 formula,
611 3234 693 3317 qnod
721 3253 740 3298 a
766 3234 926 3300 cathoHcis
951 3234 1131 3317 imperatori
1156 3235 1338 3299 Russiarum
1360 3235 1393 3300 et

155 3339 300 3405 Poloniae
323 3338 391 3423 regi
412 3337 546 3404 subditis
569 3339 638 3402 erat
658 3337 887 3420 praestandum.
931 3338 979 3402 Ac
993 3337 1073 3402 scias
1094 3337 1236 3416 velimus,
1257 3337 1392 3402 Venera-

153 3443 225 3508 bilis
239 3443 358 3521 hhater,
381 3441 556 3525 imperiales
578 3439 873 3524 plenipotentiarios,
895 3439 994 3505 veluti
1014 3439 1186 3504 luculenter
1206 3440 1335 3523 apparet
1357 3458 1393 3505 er

153 3545 342 3629 praefatione
366 3544 568 3610 articulorum
589 3545 643 3626 qni
665 3563 684 3609 a
705 3543 804 3610 Nobis
824 3543 946 3628 uulgati
968 3544 1051 3623 sunt,
1074 3543 1250 3626 promisisse
1272 3561 1305 3608 se
1327 3560 1393 3607 om·

154 3667 226 3714 nem
247 3648 389 3732 gubernii
407 3651 456 3714 sui
470 3647 746 3714 considerationem
767 3665 858 3730 super
879 3647 1011 3732 singulis
1034 3645 1280 3712 commemoratis
1301 3643 1393 3710 rebus
1430 3671 1436 3680 ·

154 3769 220 3816 esse
235 3751 441 3829 revocaturos,
463 3769 635 3835 novumque
649 3752 754 3816 actum
776 3751 956 3816 redacturos
970 3751 1135 3834 postquam
1157 3748 1218 3832 ipsi
1232 3749 1271 3814 ab
1286 3747 1393 3812 eodem

155 3852 304 3938 gubernio
326 3871 478 3936 congruas
499 3853 716 3920 instructiones
739 3853 938 3936 accepissent.
983 3853 1045 3918 Ubi
1063 3852 1170 3916 antem
1191 3849 1393 3916 consistoriali

154 3956 270 4022 Nostra
284 3957 675 4024 alencionensem
695 3977 775 4024 anno
792 3958 874 4024 1848
896 3957 1006 4023 habita
1027 3955 1293 4022 maniiestavimus
1315 3972 1393 4036 quae

153 4080 209 4144 pro
224 4059 395 4126 catholicae
405 4060 561 4126 Ecclesiae
575 4060 710 4145 negotiis
725 4061 758 4126 in
772 4061 889 4127 russico
904 4059 1032 4143 imperio
1044 4057 1260 4142 componendis
1272 4055 1394 4141 agenda

154 4183 380 4244 curaveramus,
406 4164 486 4228 nihil
511 4164 595 4230 certe
619 4163 745 4247 quidem
771 4163 1046 4248 praetermisimus,
1072 4162 1108 4226 ut
1130 4161 1222 4244 pacta
1244 4160 1394 4225 conventa

153 4267 278 4350 plenam
296 4267 530 4350 exequutionem
559 4266 727 4346 haberent,
751 4268 847 4350 utque
868 4267 924 4332 illa
949 4285 1027 4349 quae
1053 4263 1171 4330 absolvi
1191 4262 1318 4327 minime
1339 4279 1393 4344 po·

154 4372 296 4450 tuerent,
326 4369 542 4438 communibus
561 4369 644 4436 inter
666 4369 747 4442 hanc
772 4369 804 4435 S.
829 4368 942 4436 Sedem
967 4369 1000 4433 et
1024 4367 1177 4433 russieum
1202 4363 1394 4430 Gubernium

154 4472 291 4540 mnulhs
311 4474 344 4539 et
364 4472 527 4542 ooncmdia
543 4471 754 4553 definirentur,
776 4474 900 4556 praeter
915 4471 984 4551 duo,
1007 4471 1117 4555 quibus
1143 4470 1219 4534 tunc
1244 4465 1393 4549 temporis

153 4576 336 4648 Emanium
349 4576 519 4666 imperator
538 4594 600 4648 uon
612 4576 679 4649 leri
688 4576 784 4642 animi
798 4575 907 4642 Nostri
925 4573 1038 4662 gaudio
1053 4571 1259 4651 consenserat,
1284 4586 1394 4658 quem·
