3102 5124
229 235 305 316 346
376 253 514 310 llrlundeu
530 265 577 310 aur
592 254 752 320 plpstllabou
769 255 933 312 morabut
954 270 1011 312 som
1031 258 1071 311 ib.
1090 257 1238 312 November
1259 256 1335 310 loto.

168 512 171 531 Ι
230 440 354 610 sffahrlen
377 439 474 506 Stand
502 442 556 510 dor
578 441 698 508 Saolren
726 463 780 508 zur
803 443 1079 529 Reobtlertigung·
1093 443 1192 511 seinos
1215 444 1413 512 Benebmons
1433 465 1462 510 ru
1511 537 1512 540 Ἴ

229 563 248 610 o
271 564 309 610 en
331 563 413 612 arem
1511 569 1512 590 ¹

229 701 320 758 Llllll.
356 707 458 770 lusrng
482 719 528 760 uus
552 705 599 760 der
617 707 727 761 adressa
750 706 797 759 der
815 708 933 760 lllsobble
952 709 997 760 des
1015 709 1162 762 russlsoben
1181 709 1302 772 llelcbes,
1323 707 1422 759 welche
1435 708 1465 759 sr.

230 792 346 855 bolesur
371 791 430 846 dem
454 793 545 847 liaisor
570 793 650 846 durrb
675 793 724 845 den
751 793 865 846 Minister
888 795 934 847 des
952 795 1045 848 lnnrrn
1068 796 1102 848 lm
1121 793 1216 850 ianuar
1238 795 1310 848 186²
1331 793 1467 847 llbrrroiobt

230 879 337 932 worden
364 880 411 942 lot,
439 891 482 932 um
510 881 557 933 das
575 881 707 934 Anlbbren
734 883 782 934 dor
808 881 1012 934 verschiedenen
1040 882 1248 944 beornoiunpen
1277 893 1312 934 uu
1340 879 1467 941 anubim,

334 967 434 1022 welube
451 967 493 1020 dle
511 967 672 1022 tribolisrbe
690 968 781 1022 lllrobe
798 967 825 1022 ln
843 969 893 1022 deu
912 970 1017 1028 sturton
1035 969 1082 1024 des
1100 969 1203 1024 lislam
1222 966 1377 1022 erduldete.

332 1066 587 1152 Arobiepisoopus
612 1069 843 1136 Mobilosiensis
870 1069 1128 1153 Metropolitanus
1153 1069 1297 1140 omnium
1324 1069 1364 1134 R.
1391 1065 1468 1132 (tin
1512 1081 1513 1114 ³

230 1172 363 1256 Imperio
390 1173 517 1240 Russioo
542 1173 768 1251 Eeolesiarum,
799 1173 878 1239 inito
911 1173 1038 1240 eomilio
1067 1193 1139 1239 oum
1171 1173 1237 1239 suis
1265 1169 1468 1256 suffraganeis

231 1275 390 1360 Episcopis
407 1276 546 1344 llilnensi
560 1295 679 1361 nempe,
694 1277 923 1362 Somogitiensi,
945 1276 1312 1364 brosor-bytomiriensi,
1330 1272 1469 1340 (lamone-

231 1380 315 1448 oensi
353 1382 385 1446 et
418 1381 603 1459 Minseansi,
643 1382 860 1466 explorataque
892 1382 1133 1467 uniuscujusque
1171 1399 1282 1449 eornm
1325 1377 1468 1446 sententia
1513 1433 1514 1442 ,

230 1483 497 1569 Angustissimum
513 1485 735 1568 Imperatorem
757 1485 938 1565 Ruosorum,
959 1486 1182 1552 mterueniente
1200 1483 1405 1552 administro
1425 1499 1469 1546 ne

231 1586 385 1671 gotiorum
401 1588 602 1666 internorum,
622 1607 716 1674 aquo
731 1588 961 1656 Catholioorum
974 1590 1008 1656 in
1023 1590 1156 1674 Imperio
1172 1589 1234 1656 isto
1248 1609 1304 1656 res
1326 1602 1469 1669 numaque

232 1691 333 1759 omnia
347 1691 509 1774 dependet,
524 1692 686 1758 humiliter
701 1693 887 1776 supplexque
900 1693 1035 1778 rogavit,

337 1796 364 1862 1.
391 1795 431 1863 Ut
445 1795 569 1878 penitus
583 1796 784 1879 prohibeatur
803 1796 909 1863 fideles
932 1797 1006 1864 olim
1027 1796 1265 1864 Gnaeos-unitos
1287 1793 1417 1862 rutheni
1436 1790 1469 1856 ad

231 1917 377 1982 praesens
399 1917 470 1966 uero
484 1894 575 1966 latini
589 1899 680 1979 ritus,
703 1917 740 1966 ae
763 1899 938 1967 Catholioos
961 1920 980 1966 a
1001 1900 1220 1968 Sacerdotibus
1243 1895 1468 1968 Graeeo-unitls

231 2001 406 2086 baptizatos
429 2002 616 2086 conquirere,
642 2003 830 2089 inuestigare
854 2006 886 2070 et
904 2005 1018 2071 invitos
1040 2005 1080 2070 ad
1100 2023 1188 2070 soora
1210 2000 1469 2073 Graues-Russus
1514 2043 1515 2046 =

231 2104 407 2188 recipienda
432 2106 574 2190 adigam
604 2107 698 2190 atque
719 2109 756 2174 nt
780 2108 1004 2176 oontrouersiue
1027 2109 1060 2174 at
1078 2107 1168 2184 litas,
1199 2107 1259 2174 hae
1281 2109 1323 2174 de
1346 2121 1467 2174 eausaa
1514 2093 1515 2098 ’

233 2209 381 2276 Paroobis
399 2209 690 2276 Graeeo-Russiaois
713 2211 902 2291 eoncitatae,
924 2212 1036 2278 reliota
1061 2211 1190 2276 cuilibet
1209 2211 1367 2279 insertato
1389 2208 1467 2293 plenu

233 2312 398 2393 medab,
429 2335 503 2398 prae
529 2316 659 2384 arbitrio
686 2335 757 2396 suo,
792 2317 874 2382 bano
902 2317 1029 2384 illamve
1060 2317 1242 2403 religionem
1276 2309 1466 2400 amputabo,

232 2417 464 2502 extinguantur.
944 2471 947 2476 .

340 2525 369 2590 2.
392 2523 488 2590 Utin
512 2523 718 2590 matrimoniis
742 2523 972 2592 Catholioorum
994 2544 1064 2590 oum
1088 2521 1385 2592 Graseoltussiaeis
1405 2537 1466 2584 oon·
1515 2565 1516 2608 ι

235 2626 406 2704 trahendis,
422 2627 624 2710 permittatur
638 2627 757 2710 sponsis
772 2629 1004 2696 consentionem
1019 2630 1130 2696 saltem
1149 2628 1238 2707 inire,
1261 2629 1302 2696 de
1318 2621 1467 2694 odoranda

232 2731 319 2814 prole
343 2731 378 2796 in
402 2731 551 2814 religione
577 2732 686 2798 mutuo
719 2751 869 2799 consensu
901 2733 1037 2819 ipsorum
1071 2732 1325 2800 contrabentium
1360 2723 1466 2794 deleota

234 2835 432 2919 probataque.

337 2941 367 3006 3.
389 2940 432 3006 Ut
446 2939 506 3006 loei
521 2941 669 3008 ordinarii
683 2940 771 3024 pleno
782 2941 852 3024 jure
867 2939 1024 3026 gaudeant
1046 2938 1231 3006 eoncedendi
1252 2937 1384 3006 arbitrio
1406 2948 1461 3006 suo,

235 3042 351 3126 absque
370 3044 496 3127 praevia
516 3045 644 3112 lieentia
665 3043 854 3128 Rogiminis,
878 3061 915 3108 ao
937 3043 1002 3108 sine
1025 3061 1173 3108 oonsonsu
1195 3043 1227 3108 et
1248 3037 1464 3109 interventione

237 3145 320 3212 Cleri
338 3145 621 3226 Graeco-Bursiuoi,
644 3147 826 3214 tenultatem
850 3165 942 3212 novas
965 3145 1119 3212 Eloelesias
1140 3145 1313 3226 aedilitate,
1336 3136 1465 3226 Capellae

217 3252 407 3329 exstruere,
430 3252 565 3317 oratoria
583 3252 617 3315 in
639 3251 780 3316 domibus
802 3250 930 3333 privatis
950 3249 1086 3334 erigere,
1109 3247 1370 3332 quemadmodum
1387 3239 1466 3328 juxii

235 3355 321 3438 leges
341 3355 468 3439 Imperii
488 3356 633 3438 possunt,
655 3354 806 3436 collapsas
829 3373 902 3437 prae
922 3353 1078 3419 vetustate
1100 3351 1256 3418 Eeolesias
1277 3353 1312 3418 et
1335 3345 1465 3436 dapalis

137 3493 144 3499 ·
235 3460 412 3524 instaurare
425 3478 462 3524 ue
477 3459 571 3524 etiam
586 3477 680 3525 novas
694 3457 761 3524 looo
776 3457 950 3524 dirutarum
965 3457 1138 3536 aedificare,
1161 3458 1352 3541 permittere.

341 3563 371 3628 4.
402 3562 446 3628 Ut
467 3562 561 3628 lioeat
588 3562 660 3628 Lori
680 3561 851 3628 Ordinariis
871 3560 1008 3627 Judaeos
1034 3581 1070 3626 ao
1088 3560 1334 3629 Mubamedanos
1364 3561 1465 3639 absque

236 3666 435 3751 permissione
451 3665 623 3751 Regiminis
638 3665 671 3730 in
685 3665 787 3730 sinum
803 3665 960 3731 Euolesiae
976 3665 1121 3748 reoipero.

340 3772 370 3836 5.
393 3771 442 3837 Ne
457 3771 499 3836 sit
512 3770 646 3837 vetitum
661 3769 734 3835 Looi
750 3769 921 3836 Ordinariis
935 3789 990 3854 pro
1011 3770 1115 3835 lubitu
1135 3770 1257 3836 soboles
1278 3760 1464 3838 Paroohialei

237 3874 366 3958 erigere,
388 3894 487 3960 nsque
501 3875 534 3940 in
549 3874 622 3953 illis,
646 3893 724 3956 quse
746 3873 931 3959 aregimine
947 3871 1121 3957 dependent
1142 3875 1174 3940 et
1188 3873 1221 3939 in
1244 3873 1355 3958 quibus
1375 3865 1463 3955 prelii

237 3978 390 4046 oatholiea
415 3979 568 4044 exclusive
593 3978 776 4057 instruitur,
802 3996 914 4042 munus
940 3977 1147 4061 praereptor'rs
1172 3997 1226 4044 seu
1252 3962 1464 4060 hommagistri

236 4082 435 4150 mmmitatur
451 4083 765 4150 Graeco-Russiaeam
780 4083 874 4148 iidem
888 4082 1114 4166 profitentibus.

249 4253 250 4256 ,
340 4187 370 4254 6.
393 4187 436 4253 Ut
452 4187 650 4254 authenticae
663 4187 802 4254 Litterae
814 4185 1011 4270 Apostolioae
1025 4185 1065 4252 ad
1077 4185 1244 4269 Episoopos
1259 4181 1462 4252 transuittau·

236 4293 298 4372 tur,
319 4292 621 4358 nouantemearum
636 4291 841 4372 mansumpta.
1080 4303 1082 4306 ·

340 4397 370 4463 7.
394 4395 485 4462 Utin
500 4394 707 4472 monasteriis,
730 4394 931 4459 eonuonbibus
946 4396 978 4459 et
993 4393 1136 4460 domibus
1150 4395 1216 4460 tam
1233 4394 1366 4458 virorum
1380 4397 1461 4474 quam

236 4499 413 4579 mulierum,
434 4499 642 4584 oujnsounque
660 4497 693 4562 in
715 4496 849 4578 Imperio
870 4496 1027 4579 hueusque
1049 4497 1210 4564 existentis
1232 4496 1356 4564 Ordinis
1380 4495 1460 4573 atqui

169 4642 173 4650 ·
239 4603 385 4674 Sororum
395 4603 567 4672 charitatis
583 4603 616 4670 et
628 4601 747 4670 Mariae
757 4601 861 4682 Vitas,
875 4600 969 4668 boeot
984 4600 1117 4669 novitios
1128 4598 1320 4687 novitiasqua
1331 4600 1460 4687 rooipere·
