3068 5124
195 218 270 300 448
349 237 394 292 ure
411 235 611 304 scemmen-
622 235 670 292 oc
687 235 870 292 sarnousenen
886 236 980 293 rursm
997 235 1172 292 bruscum
1197 233 1325 298 (mer).

194 423 364 492 Ecclesiam
389 443 477 490 suam
500 427 640 492 sanctam
664 445 700 492 ac
722 427 828 492 Nosa
860 426 958 492 tentis
980 425 1070 492 malis
1093 424 1237 510 eripiat,
1267 421 1469 506 ejusdemque

194 511 350 578 Ecclesiae
374 511 470 591 filios,
497 512 595 580 Nebis
619 513 809 594 carissimos,
837 515 869 580 in
890 513 1031 580 omnibus
1058 513 1122 578 fere
1143 509 1366 596 regionibus
1390 527 1426 572 ac
1445 509 1471 571 in

200 599 294 664 Italia
306 599 496 684 praesertim,
524 599 556 664 et
576 597 610 664 iu
624 599 753 666 Bussico
768 601 900 685 lmperio
921 619 958 668 ac
972 599 1117 666 Polonice
1130 599 1266 682 Regno
1283 596 1343 661 tot
1358 594 1472 658 insidiis

197 685 351 763 obnoxios,
374 688 422 750 tot
445 685 600 752 aerumnis
617 685 759 764 afflictos,
782 687 987 771 omnipotenti
1009 704 1065 752 sua
1083 685 1216 751 virtute
1245 683 1403 766 adjuvet,
1428 681 1473 744 de·

196 771 320 852 tendat,
343 789 455 855 eosque
477 771 510 836 in
532 771 703 838 catholicae
731 772 803 838 fidei
825 775 950 858 ejusque
973 772 1119 838 salutaris
1141 769 1340 838 doctrinae
1361 767 1474 852 proies·

197 857 281 924 sione
296 857 398 959 magis
420 858 454 924 in
475 857 540 924 dies
563 858 690 924 stabiles
712 861 824 938 servet,
847 857 1018 938 confirmet,
1040 859 1174 938 roboret,
1207 858 1249 924 et
1278 855 1397 922 omnia
1420 854 1474 916 inr-

196 943 814 1098 cccccccccc
836 939 1475 1100 cccccccccc

822 1081 829 1114 l

196 1138 264 1186 rum
288 1117 430 1186 deducat.
1353 1183 1356 1189 ,

299 1206 412 1290 ltaque
437 1203 588 1282 volumus,
614 1203 704 1271 utin
730 1205 840 1272 restris
866 1204 1065 1273 Diocaesibus
1086 1204 1245 1288 publicae
1277 1221 1344 1286 pro
1372 1201 1472 1266 vestro

198 1289 327 1358 arbitrio
348 1309 453 1376 preces
473 1309 527 1374 per
555 1290 692 1356 triduum
718 1291 802 1358 intra
822 1311 874 1358 sex
895 1310 1028 1370 menses,
1051 1310 1106 1376 pro
1124 1287 1377 1356 ultramarinis
1408 1304 1471 1350 vero

200 1377 284 1444 intra
310 1397 424 1443 annum
453 1375 640 1444 iudicantur.
692 1377 734 1444 Ut
762 1379 868 1446 eutem
894 1377 999 1446 fideles
1025 1377 1201 1444 ardentiore
1234 1375 1361 1442 studio
1393 1373 1468 1436 hisce

120 1485 125 1490 ·
198 1464 329 1548 publicis
343 1463 485 1550 precibus
500 1463 605 1530 adsint
619 1483 656 1530 ao
671 1465 769 1532 Deum
793 1467 926 1544 exorent,
950 1464 1092 1530 omnibus
1114 1465 1147 1530 et
1165 1463 1327 1548 singulis
1346 1459 1468 1524 utrius·

199 1569 259 1635 que
273 1569 363 1616 sexus
379 1549 666 1628 Christi-fidelibus,
690 1551 744 1634 qui
759 1551 927 1635 praedictis
941 1551 1042 1616 tribus
1064 1551 1172 1618 diebus
1191 1551 1328 1618 devote
1355 1545 1463 1612 eisdem

199 1637 343 1722 precibus
369 1636 557 1716 adstiterint,
581 1656 617 1702 ac
643 1656 698 1720 pro
724 1639 935 1721 praesentibus
961 1637 1118 1704 Ecclesiae
1144 1635 1414 1704 necessitatibus
1435 1649 1464 1694 er

200 1725 316 1792 Nostra
340 1725 443 1790 mente
458 1723 558 1788 Deum
574 1724 738 1803 oraverint,
762 1727 793 1790 et
811 1723 1035 1790 Sacramentali
1051 1723 1256 1790 confessione
1283 1719 1412 1804 expiati
1431 1735 1461 1780 ac

201 1830 290 1878 sacra
317 1809 536 1876 Communione
569 1810 677 1876 reiecti
705 1811 834 1889 luerint,
870 1811 1043 1876 Plenariam
1076 1811 1212 1876 omnium
1252 1808 1460 1894 peccatorum

199 1917 324 1964 suorum
345 1896 576 1982 Indulgentiam
598 1898 630 1963 et
649 1896 859 1964 remissionem
880 1896 1119 1964 misericorditer
1139 1895 1172 1962 in
1186 1897 1342 1962 Domino
1360 1907 1458 1958 conce-

201 1984 312 2050 dimus.
357 1983 400 2048 lis
422 1983 527 2048 autem
542 1981 694 2062 fidelibus,
717 1984 770 2066 qui
792 1983 882 2050 corde
901 1984 1012 2050 saltem
1036 1983 1164 2048 contriti
1185 1983 1218 2050 iu
1249 1979 1406 2066 quolibet
1425 1993 1454 2038 ex

203 2068 451 2137 commemoratis
466 2067 573 2134 diebus
588 2069 708 2152 reliqua
722 2071 890 2152 praemissa
904 2089 996 2154 opera
1009 2069 1195 2154 peregerint,
1210 2072 1351 2152 septem
1368 2079 1454 2130 annos

200 2157 397 2238 todidemque
416 2154 629 2240 quadragenas
651 2157 689 2220 de
712 2157 860 2240 injunctis
882 2157 936 2237 eis,
959 2175 1014 2222 seu
1036 2157 1113 2222 alias
1136 2153 1386 2240 quomodolibet
1407 2149 1449 2212 de

201 2243 276 2309 bitis
290 2239 486 2326 poenitentiis
500 2241 533 2306 in
548 2241 647 2307 forma
669 2243 825 2309 Ecclesiae
841 2244 986 2310 consueta
1007 2244 1189 2308 relaxamus.
1236 2241 1337 2323 Quas
1354 2251 1449 2304 omncs

201 2331 233 2396 et
255 2329 395 2414 singulas
428 2325 648 2412 indulgentias,
672 2331 866 2411 peccatorum
888 2329 1082 2394 remissiones
1116 2347 1152 2394 ac
1181 2325 1445 2412 poenitentiarum

199 2415 403 2482 relaxationes
426 2414 521 2480 etiam
544 2415 706 2480 animabus
730 2415 1029 2494 Christi-fidelium,
1059 2435 1137 2499 quae
1160 2416 1224 2480 Deo
1256 2416 1296 2480 in
1322 2407 1445 2502 caritate¹

200 2503 379 2587 conjunctae
406 2501 445 2566 ab
468 2500 527 2564 heo
552 2501 621 2566 luce
647 2501 867 2586 migraverint,
890 2523 944 2586 per
969 2502 1095 2568 modum
1120 2502 1265 2586 suffragii
1301 2497 1443 2583 applicem

200 2607 288 2672 posse
313 2587 409 2652 etiam
434 2587 467 2650 in
486 2586 619 2652 Domino
644 2587 850 2672 indulgemus.
895 2591 932 2654 ln
954 2589 1142 2654 contrarium
1164 2588 1362 2655 iacientibus
1391 2597 1441 2646 nou

201 2673 398 2741 obstantibus
420 2672 672 2758 quibuscumque.
1091 2740 1095 2748 Γ

303 2759 443 2842 Denique
458 2759 536 2824 nihil
558 2761 641 2826 certe
656 2761 754 2828 Nobis
770 2761 900 2846 gratius,
923 2779 1017 2846 quam
1038 2763 1075 2827 ut
1097 2761 1155 2828 hac
1170 2761 1268 2826 etiam
1285 2755 1437 2828 occasione
1500 2789 1503 2854 ³.

199 2846 403 2912 libentissime
425 2847 561 2925 utamur,
583 2847 747 2916 utiterum
770 2849 921 2914 testemur
939 2849 970 2914 et
994 2847 1208 2915 confirmemus
1230 2847 1438 2931 praecipuam,
1498 2871 1503 2936 ,e

200 2952 261 3018 qua
278 2933 340 2998 Vos
355 2933 387 2997 in
402 2931 534 2998 Domino
550 2933 792 3016 complectimur,
816 2934 1068 3002 benevolentiam.
1115 2933 1210 3018 Cujus
1233 2951 1359 3020 quoque
1380 2942 1434 2992 cer·
1499 2938 1501 2986 κ

199 3020 356 3086 tissimum
378 3019 490 3104 pignus
525 3019 656 3102 accipite
685 3021 895 3104 apostolicam
922 3021 1187 3100 Benedictionem,
1218 3041 1316 3105 quam
1348 3014 1433 3082 effuso

201 3105 300 3172 cordis
328 3106 440 3172 affectu
463 3105 558 3170 Vobis
583 3106 673 3189 ipsis,
702 3107 898 3174 venerabiles
928 3108 1069 3187 Fratres,
1094 3109 1275 3191 cunctisque
1304 3099 1431 3173 clericis
1497 3111 1499 3156 l

199 3191 360 3276 Laicisque
393 3191 536 3257 fidelibus
570 3193 717 3277 cujusque
739 3193 884 3260 Vestmm
918 3194 1099 3280 vigilantiae
1134 3195 1320 3262 concreditis
1353 3203 1431 3274 pera·
1495 3158 1503 3337 }

103 3323 105 3331 ι
200 3282 322 3346 menter
344 3279 549 3362 impertimus.

303 3367 420 3432 Datum
434 3366 550 3430 Romae
566 3365 647 3448 apud
662 3364 693 3430 S.
709 3365 839 3432 Petrum
854 3367 904 3433 die
922 3369 970 3434 17.
987 3367 1128 3434 Octobris
1142 3367 1232 3434 Auno
1250 3367 1353 3455 1867.

305 3452 511 3519 Pontificatus
525 3451 633 3518 Nostri
646 3452 1046 3606 AnssoUVSicesimosecundo.
1318 3489 1326 3498 .

1494 3394 1502 3531 l

306 3725 410 3780 Endllcb
420 3723 577 3778 entnehmec
587 3723 635 3776 wir
651 3723 735 3776 elnam
746 3724 841 3780 Artilel
854 3725 900 3778 des
911 3725 1049 3790 „Glornale
1063 3725 1088 3779 di
1097 3723 1193 3779 llome“
1209 3739 1233 3780 r.
1244 3725 1348 3780 Μαι.
1360 3715 1424 3774 leel:

292 3818 409 3884 ‘Heute
437 3821 561 3881 missen
589 3817 644 3882 uir
668 3836 705 3882 zu
737 3835 859 3884 unserm
887 3821 1028 3904 gressten
1061 3818 1222 3884 Scbmerze
1253 3813 1426 3884 mittbeilem

203 3901 274 3972 dass
290 3903 339 3969 die
354 3903 578 3987 Petersburger
592 3903 771 3989 Regioruug
786 3907 941 3971 nunmehr
953 3907 1031 3971 auch
1047 3906 1096 3971 die
1110 3906 1239 3972 Dibcese
1253 3897 1425 3972 Podlaohien
1498 3947 1500 3952 .

202 3987 235 4056 in
257 3989 370 4068 Poleu,
400 3991 490 4054 sowie
512 3989 567 4055 das
589 3989 667 4056 dauu
686 3991 833 4076 gehbrige
861 3991 982 4076 (lapitel
1003 3993 1057 4058 der
1080 3991 1354 4058 dalhedralkirchc
1374 3978 1425 4051 und

205 4073 261 4142 des
287 4075 595 4144 Discenen-seminar
624 4078 827 4144 unterdrdekt
855 4079 917 4143 und
939 4079 998 4144 den
1024 4079 1154 4145 Bischof
1175 4081 1355 4164 geweltsam
1378 4086 1422 4138 reu

203 4159 302 4230 seiner
316 4157 438 4230 Heerde
460 4165 605 4248 getrennt
619 4165 685 4232 hat.
715 4165 779 4230 Der
794 4163 986 4250 ehrwdrdige
1008 4167 1117 4230 Prtlat
1132 4167 1188 4232 hat
1203 4165 1285 4232 diese'
1300 4157 1423 4256 crucige

203 4247 374 4316 Naohricht
395 4269 453 4315 nur
468 4250 564 4316 durch
579 4251 634 4316 das
649 4271 713 4338 sog.
735 4251 1079 4319 rbmisch·lratholische
1092 4252 1422 4342 Kirchencollegiumln

203 4333 249 4404 St.
265 4337 456 4424 Petersburg
471 4357 511 4404 an
533 4337 593 4404 den
606 4338 744 4423 heiligen
760 4337 850 4404 stum
866 4340 1019 4425 gelangen
1034 4340 1135 4406 lassen
1150 4340 1280 4406 kbnnen.
1305 4339 1351 4405 Se.
1362 4334 1422 4402 Hc·

202 4422 325 4510 liglreit,
348 4424 448 4490 dieses
463 4443 539 4490 neue
555 4423 703 4489 Attentat
718 4425 771 4489 der
785 4425 961 4491 mssisehen
976 4426 1248 4494 halen-Autoritbt
1263 4425 1322 4491 tief
1333 4419 1422 4490 bella·

227 4512 295 4592 end,
318 4512 428 4578 hetin
452 4511 535 4576 ihrer
558 4509 695 4594 Sorglalt
710 4511 758 4575 fdr
773 4510 822 4575 die
845 4512 1007 4597 geistliche
1030 4513 1289 4580 Administration
1311 4512 1362 4579 der
1380 4524 1420 4593 ge·

204 4531 337 4670 fiachten
353 4597 481 4666 Ditcesc
497 4596 631 4664 dieselbe
653 4597 750 4664 durch
765 4596 880 4667 Deoret
895 4619 964 4666 vom
989 4602 1038 4668 17.
1061 4598 1130 4666 Oct.
1153 4600 1353 4686 provisorisch
1367 4597 1420 4663 deu
1498 4646 1501 4655 .
