3170 5128
471 269 615 336 eupstucne
634 269 775 326 allocutor
793 281 851 324 vom
871 271 961 326 11111
981 269 1055 327 1818.
1305 253 1379 334 267

144 477 310 542 eorumque
325 479 424 526 mores
440 457 606 538 continere,
621 459 654 524 ct
665 459 793 542 juvenes
809 479 844 524 ac
859 463 1040 543 praesertim
1054 462 1133 543 illos,
1151 462 1250 546 quiin
1266 462 1381 527 sortem

144 563 261 628 donnini
285 564 388 629 vocati
409 564 498 642 eunt,
522 583 557 645 61
583 562 816 647 sapientissimis
838 583 933 649 aeque
960 585 996 632 ac
1023 565 1298 652 providentissimis
1320 563 1381 630 tri·

144 667 289 734 destinae
305 667 420 753 Syucdi
434 666 631 756 praescriptis
654 667 694 732 ad
716 685 838 732 emnem
866 668 1012 736 virtutem
1038 661 1159 736 mature
1184 669 1310 755 fingere,
1332 687 1382 735 re·

143 772 261 854 busque
284 772 408 854 optimis
430 771 610 848 instituere,
633 769 775 855 sanisque
799 770 944 840 doctrinis
967 773 1115 854 imbuere,
1139 775 1171 839 61
1194 771 1381 840 ecclesiasti·

143 895 211 942 cam
246 876 436 942 academiam
475 875 645 953 moderari,
680 875 768 960 cique
801 875 910 942 sedulo
940 877 1111 962 aduigilare
1143 879 1247 962 pessit.
1304 877 1381 944 Cum

142 981 292 1046 6111661111
306 981 361 1046 illo
374 979 503 1064 imperio
518 979 736 1063 quamplurimi
752 979 942 1047 diuersorum
954 980 1069 1048 rituum
1083 981 1225 1048 catholici
1237 979 1381 1059 existant,

147 1104 237 1151 nemo
264 1085 347 1150 certe
369 1085 501 1169 ignorat,
526 1083 657 1162 eoadem,
680 1082 755 1148 dum
776 1083 897 1168 proprio
922 1085 970 1150 sui
988 1085 1068 1150 ritm
1090 1087 1228 1170 episcopo
1247 1085 1382 1164 careant,

143 1189 184 1254 ad
205 1188 297 1254 latini
319 1188 472 1254 antistitis
483 1187 731 1271 jurisdictionem
753 1187 917 1270 pertinere,
940 1207 1033 1272 aquo
1053 1191 1084 1254 et
1099 1209 1117 1254 a
1131 1190 1320 1276 presbyteris
1342 1189 1381 1256 ab

142 1292 209 1376 ipsc
231 1293 368 1376 probatis
383 1291 430 1356 1111
446 1292 478 1356 61
492 1290 597 1356 divina
612 1291 814 1368 sacramenta,
838 1292 870 1356 et
890 1291 1064 1375 spiritualia
1079 1293 1217 1358 subsidia
1231 1293 1384 1376 excipiant

143 1398 280 1488 oportet,
317 1397 427 1480 Itaque
450 1414 521 1462 eum
543 1395 575 1460 in
592 1393 809 1461 Cameracenei
831 1394 972 1474 dioecesi,
995 1415 1052 1462 nec
1067 1415 1127 1462 non
1143 1396 1176 1462 in
1198 1416 1276 1463 nova
1299 1397 1382 1465 dioc·

144 1501 206 1566 cesi
222 1499 423 1566 Chersonensi
445 1517 576 1584 magnus
599 1497 641 1563 eit
663 1497 878 1564 Armeniorum
902 1499 1126 1566 catholicorum
1147 1519 1303 1580 umnerus,
1329 1501 1382 1586 qui

143 1604 296 1672 catholico
318 1603 433 1688 proprii
453 1603 534 1670 ritus
553 1602 694 1669 antistite
717 1603 818 1668 orbati
840 1605 923 1682 sunt,
945 1603 1029 1668 haud
1051 1603 1210 1670 emisimus
1232 1605 1381 1687 spiritua·

142 1707 224 1774 libus
239 1709 363 1773 illorum
385 1707 566 1792 indigentiis
580 1707 729 1791 peculiari
744 1707 848 1790 aliqua
862 1708 981 1774 ratione
995 1708 1176 1792 prospicere.
1222 1708 1380 1794 Siquidem

143 1811 297 1876 sancitum
320 1813 377 1890 est,
401 1812 519 1877 utnon
540 1811 640 1876 solum
665 1810 728 1876 illis
750 1811 894 1894 aptentur
915 1831 994 1895 quae
1019 1811 1052 1878 iu
1078 1812 1178 1896 capite
1204 1831 1282 1878 nono
1309 1831 1381 1880 cou-

143 1899 207 1980 cilii
222 1914 438 1982 Laterauensis
453 1914 558 1998 quarti
573 1913 764 1998 praescripta
786 1915 875 1994 suut,
899 1915 995 1982 donec
1016 1935 1107 1982 suum
1130 1935 1189 1982 nou
1215 1915 1382 1984 habuerint

143 2018 328 2102 episcopum,
351 2017 568 2110 verumetiam
583 2020 619 2085 ut
638 2017 731 2084 iidem
758 2018 916 2084 antistites
932 2017 1166 2087 bamenecensis
1194 2021 1226 2086 61
1252 2019 1381 2086 Cherso-

143 2122 246 2192 nensis
262 2122 469 2210 armeniorum
485 2123 665 2190 clericorum
688 2141 850 2187 numerum
869 2123 1020 2202 statuant,
1044 2125 1096 2215 qui
1118 2124 1151 2189 in
1172 2143 1228 2189 sua
1250 2125 1382 2191 semina·

142 2227 190 2292 ria
222 2226 336 2310 excipi,
369 2227 472 2311 ibique
506 2247 525 2292 a
558 2225 710 2294 catholico
742 2226 877 2294 Armeno
911 2228 1089 2316 presbytero
1122 2229 1227 2294 sedulo
1260 2229 1383 2295 institui

144 2331 266 2398 debent.

246 2434 350 2518 Atque
372 2434 495 2520 singula
518 2455 755 2528 commemorare
770 2436 1048 2520 praetermittimus
1071 2456 1150 2528 quae
1172 2437 1292 2524 plenius
1313 2458 1382 2522 per·

142 2539 258 2622 spicere
273 2539 415 2621 poteritis
436 2539 469 2604 in
484 2539 576 2606 variis
592 2539 742 2606 Consenti
765 2540 915 2619 articulis,
939 2561 1013 2624 quos
1028 2561 1090 2607 una
1105 2561 1176 2606 cum
1191 2543 1249 2608 hac
1268 2543 1382 2609 Nostra

141 2643 338 2708 Allocutione
360 2642 509 2708 inlunem
530 2643 662 2709 edendus
686 2643 937 2712 existimavimus.
983 2645 1065 2726 Quos
1089 2645 1213 2728 quidem
1237 2647 1383 2713 articulos
1424 2637 1427 2646 '

89 2751 92 2755 ’
142 2745 230 2811 nubis
249 2747 372 2829 probari
402 2746 642 2825 declaravimus,
675 2749 840 2830 antequam
863 2747 1095 2830 potentissimos
1114 2749 1297 2816 Russiarum
1320 2752 1383 2818 Im·

141 2850 265 2932 perator
291 2851 323 2916 61
347 2849 492 2916 Poloniae
518 2869 571 2915 161
595 2850 655 2914 sibi
681 2850 750 2916 illos
773 2839 914 2934 acceptos
937 2870 1002 2918 cese
1022 2853 1222 2938 significaret,
1245 2857 1383 2940 quando-

142 2953 266 3038 quidem
291 2953 333 3020 16
362 2973 459 3037 prona
481 2973 517 3018 ec
546 2954 693 3020 benevola
712 2953 808 3037 ipsius
835 2954 1021 3020 serenissimi
1047 2955 1192 3040 principie
1222 2959 1383 3025 voluntate

142 3057 288 3124 certiores
313 3057 389 3122 iacti
415 3057 557 3123 dubitare
587 3076 647 3124 non
675 3058 870 3140 poteramus,
900 3057 976 3141 quin
1000 3057 1065 3142 ipse
1093 3060 1164 3126 illos
1186 3080 1241 3126 suc
1263 3081 1383 3144 queque

143 3180 292 3228 censensu
314 3161 458 3240 muniret,
481 3162 740 3246 quemadmodum
762 3181 796 3227 16
812 3161 935 3244 quidem
951 3183 1023 3228 vera
1038 3165 1174 3230 61611666
1189 3165 1352 3234 laetamur.

213 3255 216 3259 ’
246 3265 388 3344 Habetis,
404 3266 602 3332 Venerabilcs
616 3267 749 3345 Fratres,
773 3265 847 3348 quid
861 3286 916 3349 pro
938 3267 1108 3333 catholicae
1124 3269 1270 3335 ecclesiae
1292 3269 1383 3335 rebus

143 3369 175 3432 in
195 3368 332 3434 russiacc
354 3369 483 3454 imperio
509 3369 724 3452 componendis
748 3368 906 3453 inceptum
932 3370 1097 3453 actumque
1124 3390 1143 3436 6
1168 3373 1255 3436 uobis
1277 3373 1381 3440 fucrit.

144 3473 246 3538 Multa
260 3473 383 3557 quidem
399 3473 461 3540 alia
476 3473 647 3540 6116611111
662 3492 736 3540 saue
751 3473 899 3538 momenti
921 3473 960 3538 ad
982 3475 1124 3556 optatum
1147 3475 1263 3541 exitum
1286 3477 1382 3542 addu-

143 3576 240 3645 cenda
261 3579 442 3660 supersunt,
473 3597 550 3660 quae
571 3599 590 3643 6
611 3577 888 3662 plenipotentiariis
910 3578 943 3642 in
965 3579 1150 3646 tractatione
1172 3580 1278 3663 perfici
1300 3581 1383 3647 haud

37 3669 39 3672 ’
108 3764 111 3769 .
143 3681 280 3763 potuere,
303 3699 338 3744 ac
353 3699 407 3745 uos
429 3680 700 3746 vehementissime
725 3681 895 3746 sollicitant
917 3682 949 3746 et
975 3683 1104 3766 augunt,
1128 3703 1198 3748 cum
1221 3683 1261 3748 ad
1286 3691 1383 3750 eccle·

144 3783 207 3847 siae
229 3783 423 3860 libertatem,
443 3783 524 3865 jura,
548 3784 698 3863 rationes,
722 3786 754 3852 et
775 3784 814 3850 ad
836 3785 961 3852 illorum
983 3785 1122 3852 fidelium
1144 3787 1276 3852 salutem
1299 3807 1383 3854 surn-

145 3903 266 3969 mopere
292 3885 475 3968 pertineant.
527 3886 652 3952 Etenim
678 3887 730 3952 hic
755 3887 927 3972 loquimur,
949 3889 1147 3956 Venerabilcs
1173 3892 1314 3971 Fratres,
1345 3893 1383 3960 de

144 4009 216 4056 vera
238 3991 269 4055 61
291 3991 381 4073 plena
403 3989 548 4056 libertate
570 3989 633 4056 illis
655 3991 799 4058 fidelibus
820 3993 996 4074 tribuenda,
1018 3995 1055 4058 ut
1078 3995 1111 4058 iu
1133 3996 1225 4060 rebus
1248 3996 1288 4060 ad
1309 3997 1383 4061 reli·

145 4095 266 4181 gionem
289 4094 501 4179 spectantibus
525 4113 596 4160 cum
618 4095 677 4161 hac
699 4095 878 4180 Apostolica
900 4097 977 4164 Sede
1001 4098 1172 4164 catholicae
1197 4099 1328 4188 unitatis
1351 4101 1382 4164 61

144 4199 285 4265 veritatis
312 4201 426 4279 centro,
449 4199 646 4284 omniumque
671 4200 809 4266 fidelium
836 4205 936 4268 matre
964 4221 999 4268 ac
1026 4202 1195 4286 magistra,
1224 4203 1289 4270 sine
1318 4203 1383 4268 ullo

144 4303 363 4385 impedimento
389 4303 615 4370 communicare
642 4304 752 4388 possit:
791 4305 824 4371 et
849 4306 984 4388 quantus
1009 4305 1043 4370 in
1067 4306 1127 4372 hac
1155 4325 1188 4372 re
1218 4307 1260 4372 eit
1287 4305 1383 4370 animi

144 4406 242 4472 nostri
263 4407 349 4472 dolor
371 4407 499 4492 quisquc
521 4409 571 4476 vel
597 4409 689 4474 facile
715 4409 866 4495 intelligit
891 4411 926 4475 61
950 4409 1075 4476 iteratis
1099 4408 1383 4488 reclamationibus,

144 4529 220 4596 quas
235 4509 329 4576 variis
344 4511 534 4594 temporibus
548 4512 626 4578 haec
640 4513 820 4597 Apostolica
834 4512 939 4593 Sedes,
954 4515 993 4579 ob
1008 4513 1090 4586 hanc
1098 4513 1229 4579 liberam
1244 4511 1382 4578 fidelium

144 4612 450 4710 communicationem
465 4633 558 4702 agere
572 4635 729 4702 uunquam
740 4615 921 4696 intermisit,
935 4615 1033 4684 etiam
1047 4615 1129 4684 circa
1144 4615 1222 4682 alias
1232 4613 1382 4704 regiones,
