<?xml version="1.0" encoding="UTF-8"?>
<!DOCTYPE html PUBLIC "-//W3C//DTD XHTML 1.0 Transitional//EN"
    "http://www.w3.org/TR/xhtml1/DTD/xhtml1-transitional.dtd">
<html xmlns="http://www.w3.org/1999/xhtml" xml:lang="en" lang="en">
 <head>
  <title>
</title>
<meta http-equiv="Content-Type" content="text/html;charset=utf-8" />
  <meta name='ocr-system' content='tesseract 3.04.00' />
  <meta name='ocr-capabilities' content='ocr_page ocr_carea ocr_par ocr_line ocrx_word'/>
</head>
<body>
  <div class='ocr_page' id='page_1' title='image "./archivfrkatholi03jurigoog/archivfrkatholi03jurigoog_0112.png"; bbox 0 0 3170 5128; ppageno 0'>
   <div class='ocr_carea' id='block_1_1' title="bbox 194 191 1287 294">
    <p class='ocr_par' dir='ltr' id='par_1_1' title="bbox 194 191 1287 294">
     <span class='ocr_line' id='line_1_1' title="bbox 194 191 1287 294; baseline 0.005 -16"><span class='ocrx_word' id='word_1_1' title='bbox 194 208 283 288; x_wconf 75' lang='lat'>106!</span> <span class='ocrx_word' id='word_1_2' title='bbox 329 227 467 282; x_wconf 81' lang='lat' dir='ltr'>lirienden</span> <span class='ocrx_word' id='word_1_3' title='bbox 486 239 534 281; x_wconf 87' lang='lat' dir='ltr'>zor</span> <span class='ocrx_word' id='word_1_4' title='bbox 552 191 710 294; x_wconf 75' lang='lat' dir='ltr'>ptpstiloben</span> <span class='ocrx_word' id='word_1_5' title='bbox 728 228 893 285; x_wconf 80' lang='lat' dir='ltr'>brnnsenrm</span> <span class='ocrx_word' id='word_1_6' title='bbox 912 241 969 282; x_wconf 84' lang='lat' dir='ltr'>rom</span> <span class='ocrx_word' id='word_1_7' title='bbox 991 229 1029 284; x_wconf 80' lang='lat' dir='ltr'>te.</span> <span class='ocrx_word' id='word_1_8' title='bbox 1049 229 1195 284; x_wconf 78' lang='lat' dir='ltr'>November</span> <span class='ocrx_word' id='word_1_9' title='bbox 1215 231 1287 286; x_wconf 79' lang='lat' dir='ltr'>leon.</span> 
     </span>
    </p>
   </div>
   <div class='ocr_carea' id='block_1_2' title="bbox 191 392 1427 610">
    <p class='ocr_par' dir='ltr' id='par_1_2' title="bbox 191 392 1427 610">
     <span class='ocr_line' id='line_1_2' title="bbox 191 392 1427 516; baseline 0.002 -33"><span class='ocrx_word' id='word_1_10' title='bbox 191 433 365 483; x_wconf 83' lang='lat' dir='ltr'>caeeaream</span> <span class='ocrx_word' id='word_1_11' title='bbox 390 417 547 496; x_wconf 82' lang='lat' dir='ltr'>exbibere,</span> <span class='ocrx_word' id='word_1_12' title='bbox 582 417 675 498; x_wconf 85' lang='lat' dir='ltr'>atque</span> <span class='ocrx_word' id='word_1_13' title='bbox 707 416 740 484; x_wconf 90' lang='lat' dir='ltr'>in</span> <span class='ocrx_word' id='word_1_14' title='bbox 766 392 1009 500; x_wconf 47' lang='lat' dir='ltr'>&#39;profundissima</span> <span class='ocrx_word' id='word_1_15' title='bbox 1036 419 1215 488; x_wconf 86' lang='lat' dir='ltr'>bumihtaie</span> <span class='ocrx_word' id='word_1_16' title='bbox 1241 419 1427 516; x_wconf 78' lang='lat' dir='ltr'>decisionem</span> 
     </span>
     <span class='ocr_line' id='line_1_3' title="bbox 193 521 821 610; baseline -0.005 -22"><span class='ocrx_word' id='word_1_17' title='bbox 193 540 352 608; x_wconf 86' lang='lat' dir='ltr'>supremae</span> <span class='ocrx_word' id='word_1_18' title='bbox 373 523 440 610; x_wconf 82' lang='lat' dir='ltr'>ejus</span> <span class='ocrx_word' id='word_1_19' title='bbox 463 521 632 588; x_wconf 87' lang='lat' dir='ltr'>voluntatis</span> <span class='ocrx_word' id='word_1_20' title='bbox 653 523 821 608; x_wconf 80' lang='lat' dir='ltr'>expectare.</span> 
     </span>
    </p>
   </div>
   <div class='ocr_carea' id='block_1_3' title="bbox 192 694 1428 988">
    <p class='ocr_par' dir='ltr' id='par_1_3' title="bbox 192 694 1428 988">
     <span class='ocr_line' id='line_1_4' title="bbox 192 694 1428 798; baseline 0.002 -14"><span class='ocrx_word' id='word_1_21' title='bbox 192 733 297 788; x_wconf 81' lang='lat' dir='ltr'>xxxin.</span> <span class='ocrx_word' id='word_1_22' title='bbox 331 731 493 798; x_wconf 78' lang='lat' dir='ltr'>Itiitboiluog</span> <span class='ocrx_word' id='word_1_23' title='bbox 516 735 564 786; x_wconf 83' lang='lat' dir='ltr'>der</span> <span class='ocrx_word' id='word_1_24' title='bbox 580 734 751 788; x_wconf 79' lang='lat' dir='ltr'>batserlichen</span> <span class='ocrx_word' id='word_1_25' title='bbox 771 735 919 788; x_wconf 78' lang='lat' dir='ltr'>Erroubnlse</span> <span class='ocrx_word' id='word_1_26' title='bbox 936 735 1036 788; x_wconf 79' lang='lat' dir='ltr'>settene</span> <span class='ocrx_word' id='word_1_27' title='bbox 1055 694 1101 789; x_wconf 72' lang='lat' dir='ltr'>des</span> <span class='ocrx_word' id='word_1_28' title='bbox 1119 735 1246 788; x_wconf 78' lang='lat' dir='ltr'>hisistere</span> <span class='ocrx_word' id='word_1_29' title='bbox 1271 733 1317 786; x_wconf 85' lang='lat' dir='ltr'>des</span> <span class='ocrx_word' id='word_1_30' title='bbox 1335 736 1428 788; x_wconf 86' lang='lat' dir='ltr'>Inuern</span> 
     </span>
     <span class='ocr_line' id='line_1_5' title="bbox 193 819 1428 886; baseline 0 -12"><span class='ocrx_word' id='word_1_31' title='bbox 193 833 227 877; x_wconf 79' lang='lat' dir='ltr'>en</span> <span class='ocrx_word' id='word_1_32' title='bbox 245 819 295 879; x_wconf 83' lang='lat' dir='ltr'>den</span> <span class='ocrx_word' id='word_1_33' title='bbox 312 819 539 886; x_wconf 78' lang='lat' dir='ltr'>bochuiirdigsten</span> <span class='ocrx_word' id='word_1_34' title='bbox 558 822 641 874; x_wconf 83' lang='lat' dir='ltr'>Herm</span> <span class='ocrx_word' id='word_1_35' title='bbox 659 821 810 876; x_wconf 85' lang='lat' dir='ltr'>Erzbischci&#39;</span> <span class='ocrx_word' id='word_1_36' title='bbox 827 835 877 874; x_wconf 87' lang='lat' dir='ltr'>von</span> <span class='ocrx_word' id='word_1_37' title='bbox 896 823 1015 874; x_wconf 84' lang='lat' dir='ltr'>tichiiow</span> <span class='ocrx_word' id='word_1_38' title='bbox 1033 822 1145 876; x_wconf 80' lang='lat' dir='ltr'>helreffs</span> <span class='ocrx_word' id='word_1_39' title='bbox 1170 822 1216 874; x_wconf 86' lang='lat' dir='ltr'>der</span> <span class='ocrx_word' id='word_1_40' title='bbox 1233 822 1428 886; x_wconf 50' lang='lat' dir='ltr'>*blechemere-</span> 
     </span>
     <span class='ocr_line' id='line_1_6' title="bbox 528 910 1090 988; baseline 0 -26"><span class='ocrx_word' id='word_1_41' title='bbox 528 911 642 974; x_wconf 82' lang='lat' dir='ltr'>ratores,</span> <span class='ocrx_word' id='word_1_42' title='bbox 655 910 818 988; x_wconf 22' lang='lat' dir='ltr'>jedoehlnur</span> <span class='ocrx_word' id='word_1_43' title='bbox 836 911 883 962; x_wconf 87' lang='lat' dir='ltr'>der</span> <span class='ocrx_word' id='word_1_44' title='bbox 901 911 1090 973; x_wconf 80' lang='lat' dir='ltr'>Pforrhircben.</span> 
     </span>
    </p>
   </div>
   <div class='ocr_carea' id='block_1_4' title="bbox 176 1009 1487 2030">
    <p class='ocr_par' dir='ltr' id='par_1_4' title="bbox 176 1009 1487 2030">
     <span class='ocr_line' id='line_1_7' title="bbox 297 1009 1430 1098; baseline 0 -22"><span class='ocrx_word' id='word_1_45' title='bbox 297 1009 420 1076; x_wconf 89' lang='lat' dir='ltr'>Placuit</span> <span class='ocrx_word' id='word_1_46' title='bbox 436 1009 515 1078; x_wconf 83' lang='lat' dir='ltr'>Suae</span> <span class='ocrx_word' id='word_1_47' title='bbox 530 1012 747 1096; x_wconf 72' lang='lat' dir='ltr'>Imperatoriae</span> <span class='ocrx_word' id='word_1_48' title='bbox 758 1012 920 1096; x_wconf 83' lang='lat' dir='ltr'>Majesteti</span> <span class='ocrx_word' id='word_1_49' title='bbox 934 1029 1075 1098; x_wconf 81' lang='lat' dir='ltr'>supreme</span> <span class='ocrx_word' id='word_1_50' title='bbox 1088 1011 1288 1078; x_wconf 72' lang='lat' dir='ltr'>demandare:</span> <span class='ocrx_word' id='word_1_51' title='bbox 1307 1012 1335 1075; x_wconf 90' lang='lat'>1.</span> <span class='ocrx_word' id='word_1_52' title='bbox 1349 1009 1430 1078; x_wconf 80' lang='lat' dir='ltr'>Gon·</span> 
     </span>
     <span class='ocr_line' id='line_1_8' title="bbox 194 1109 1430 1200; baseline 0.006 -26"><span class='ocrx_word' id='word_1_53' title='bbox 194 1109 302 1194; x_wconf 85' lang='lat' dir='ltr'>cedere</span> <span class='ocrx_word' id='word_1_54' title='bbox 327 1113 484 1180; x_wconf 79' lang='lat' dir='ltr'>licentiam</span> <span class='ocrx_word' id='word_1_55' title='bbox 505 1115 669 1200; x_wconf 88' lang='lat' dir='ltr'>reparandi</span> <span class='ocrx_word' id='word_1_56' title='bbox 695 1117 839 1182; x_wconf 86' lang='lat' dir='ltr'>ecclesias</span> <span class='ocrx_word' id='word_1_57' title='bbox 861 1116 1051 1199; x_wconf 82' lang='lat' dir='ltr'>parochiales</span> <span class='ocrx_word' id='word_1_58' title='bbox 1074 1116 1115 1180; x_wconf 89' lang='lat' dir='ltr'>in·</span> <span class='ocrx_word' id='word_1_59' title='bbox 1130 1115 1282 1198; x_wconf 85' lang='lat' dir='ltr'>parochiis</span> <span class='ocrx_word' id='word_1_60' title='bbox 1305 1133 1323 1180; x_wconf 87' lang='lat' dir='ltr'>a</span> <span class='ocrx_word' id='word_1_61' title='bbox 1344 1115 1430 1200; x_wconf 80' lang='lat' dir='ltr'>regi·</span> 
     </span>
     <span class='ocr_line' id='line_1_9' title="bbox 193 1217 1430 1304; baseline 0.004 -22"><span class='ocrx_word' id='word_1_62' title='bbox 193 1217 275 1282; x_wconf 88' lang='lat' dir='ltr'>minc</span> <span class='ocrx_word' id='word_1_63' title='bbox 298 1217 475 1302; x_wconf 89' lang='lat' dir='ltr'>approbatis</span> <span class='ocrx_word' id='word_1_64' title='bbox 493 1219 562 1287; x_wconf 87' lang='lat' dir='ltr'>sine</span> <span class='ocrx_word' id='word_1_65' title='bbox 584 1239 709 1286; x_wconf 89' lang='lat' dir='ltr'>recursu</span> <span class='ocrx_word' id='word_1_66' title='bbox 731 1221 839 1304; x_wconf 79' lang='lat' dir='ltr'>quarte</span> <span class='ocrx_word' id='word_1_67' title='bbox 866 1221 929 1300; x_wconf 81' lang='lat' dir='ltr'>uice</span> <span class='ocrx_word' id='word_1_68' title='bbox 952 1220 992 1286; x_wconf 87' lang='lat' dir='ltr'>ed</span> <span class='ocrx_word' id='word_1_69' title='bbox 1011 1219 1134 1292; x_wconf 85' lang='lat' dir='ltr'>civilem</span> <span class='ocrx_word' id='word_1_70' title='bbox 1157 1221 1353 1302; x_wconf 85' lang='lat' dir='ltr'>potestatem.</span> <span class='ocrx_word' id='word_1_71' title='bbox 1398 1220 1430 1288; x_wconf 68' lang='grc'>2,</span> 
     </span>
     <span class='ocr_line' id='line_1_10' title="bbox 194 1318 1487 1408; baseline 0.004 -25"><span class='ocrx_word' id='word_1_72' title='bbox 194 1318 319 1404; x_wconf 82' lang='lat' dir='ltr'>Absque</span> <span class='ocrx_word' id='word_1_73' title='bbox 337 1339 484 1388; x_wconf 84' lang='lat' dir='ltr'>consensu</span> <span class='ocrx_word' id='word_1_74' title='bbox 505 1323 664 1406; x_wconf 84' lang='lat' dir='ltr'>regiminis</span> <span class='ocrx_word' id='word_1_75' title='bbox 680 1325 854 1390; x_wconf 87' lang='lat' dir='ltr'>restaurare</span> <span class='ocrx_word' id='word_1_76' title='bbox 869 1325 901 1390; x_wconf 89' lang='lat' dir='ltr'>et</span> <span class='ocrx_word' id='word_1_77' title='bbox 922 1325 1022 1390; x_wconf 90' lang='lat' dir='ltr'>multo</span> <span class='ocrx_word' id='word_1_78' title='bbox 1041 1323 1143 1406; x_wconf 86' lang='lat' dir='ltr'>magis</span> <span class='ocrx_word' id='word_1_79' title='bbox 1166 1323 1204 1388; x_wconf 91' lang='lat' dir='ltr'>de</span> <span class='ocrx_word' id='word_1_80' title='bbox 1218 1343 1295 1389; x_wconf 88' lang='lat' dir='ltr'>nouo</span> <span class='ocrx_word' id='word_1_81' title='bbox 1311 1323 1430 1408; x_wconf 82' lang='lat' dir='ltr'>erigere</span> <span class='ocrx_word' id='word_1_82' title='bbox 1484 1344 1487 1348; x_wconf 79' lang='grc'><strong>’</strong></span> 
     </span>
     <span class='ocr_line' id='line_1_11' title="bbox 195 1423 1431 1511; baseline 0.003 -23"><span class='ocrx_word' id='word_1_83' title='bbox 195 1423 348 1502; x_wconf 90' lang='lat' dir='ltr'>eeclesias,</span> <span class='ocrx_word' id='word_1_84' title='bbox 371 1445 449 1510; x_wconf 89' lang='lat' dir='ltr'>quae</span> <span class='ocrx_word' id='word_1_85' title='bbox 472 1445 490 1492; x_wconf 91' lang='lat' dir='ltr'>a</span> <span class='ocrx_word' id='word_1_86' title='bbox 511 1427 730 1511; x_wconf 83' lang='lat' dir='ltr'>regiminepro</span> <span class='ocrx_word' id='word_1_87' title='bbox 744 1428 974 1510; x_wconf 82' lang='lat' dir='ltr'>parochialibus</span> <span class='ocrx_word' id='word_1_88' title='bbox 999 1446 1059 1492; x_wconf 89' lang='lat' dir='ltr'>non</span> <span class='ocrx_word' id='word_1_89' title='bbox 1085 1429 1303 1511; x_wconf 86' lang='lat' dir='ltr'>agnoscuntur,</span> <span class='ocrx_word' id='word_1_90' title='bbox 1325 1427 1431 1494; x_wconf 85' lang='lat' dir='ltr'>deien-</span> 
     </span>
     <span class='ocr_line' id='line_1_12' title="bbox 176 1529 1431 1616; baseline 0.002 -23"><span class='ocrx_word' id='word_1_91' title='bbox 176 1529 277 1602; x_wconf 44' lang='lat' dir='ltr'>fdere.</span> <span class='ocrx_word' id='word_1_92' title='bbox 323 1531 352 1594; x_wconf 91' lang='lat'>3.</span> <span class='ocrx_word' id='word_1_93' title='bbox 375 1529 543 1595; x_wconf 85' lang='lat' dir='ltr'>Prohibere</span> <span class='ocrx_word' id='word_1_94' title='bbox 566 1550 604 1596; x_wconf 92' lang='lat' dir='ltr'>ne</span> <span class='ocrx_word' id='word_1_95' title='bbox 625 1551 721 1596; x_wconf 85' lang='lat' dir='ltr'>norae</span> <span class='ocrx_word' id='word_1_96' title='bbox 743 1531 902 1610; x_wconf 81' lang='lat' dir='ltr'>ecclesiae,</span> <span class='ocrx_word' id='word_1_97' title='bbox 926 1533 1144 1616; x_wconf 88' lang='lat' dir='ltr'>cujuscumque</span> <span class='ocrx_word' id='word_1_98' title='bbox 1164 1531 1290 1598; x_wconf 89' lang='lat' dir='ltr'>demum</span> <span class='ocrx_word' id='word_1_99' title='bbox 1312 1533 1431 1599; x_wconf 81' lang='lat' dir='ltr'>confes-</span> 
     </span>
     <span class='ocr_line' id='line_1_13' title="bbox 196 1633 1431 1725; baseline 0 -25"><span class='ocrx_word' id='word_1_100' title='bbox 196 1633 289 1718; x_wconf 85' lang='lat' dir='ltr'>sionis</span> <span class='ocrx_word' id='word_1_101' title='bbox 302 1633 452 1712; x_wconf 76' lang='lat' dir='ltr'>sinteino</span> <span class='ocrx_word' id='word_1_102' title='bbox 468 1634 628 1720; x_wconf 80' lang='lat' dir='ltr'>regImiuis</span> <span class='ocrx_word' id='word_1_103' title='bbox 642 1635 770 1700; x_wconf 91' lang='lat' dir='ltr'>licentia</span> <span class='ocrx_word' id='word_1_104' title='bbox 783 1635 994 1725; x_wconf 84' lang='lat' dir='ltr'>aedificentur.</span> <span class='ocrx_word' id='word_1_105' title='bbox 1016 1638 1046 1702; x_wconf 86' lang='grc'>4.</span> <span class='ocrx_word' id='word_1_106' title='bbox 1063 1635 1160 1704; x_wconf 88' lang='lat' dir='ltr'>Omne</span> <span class='ocrx_word' id='word_1_107' title='bbox 1172 1635 1205 1700; x_wconf 94' lang='lat' dir='ltr'>id</span> <span class='ocrx_word' id='word_1_108' title='bbox 1220 1635 1260 1700; x_wconf 88' lang='lat' dir='ltr'>ad</span> <span class='ocrx_word' id='word_1_109' title='bbox 1275 1636 1431 1719; x_wconf 84' lang='lat' dir='ltr'>cappellae</span> 
     </span>
     <span class='ocr_line' id='line_1_14' title="bbox 195 1739 1432 1806; baseline 0.002 -2"><span class='ocrx_word' id='word_1_110' title='bbox 195 1739 227 1804; x_wconf 90' lang='lat' dir='ltr'>et</span> <span class='ocrx_word' id='word_1_111' title='bbox 264 1740 398 1804; x_wconf 87' lang='lat' dir='ltr'>oratoria</span> <span class='ocrx_word' id='word_1_112' title='bbox 431 1739 602 1806; x_wconf 83' lang='lat' dir='ltr'>extendere.</span> <span class='ocrx_word' id='word_1_113' title='bbox 660 1739 919 1806; x_wconf 71' lang='lat' dir='ltr'>communicando</span> <span class='ocrx_word' id='word_1_114' title='bbox 951 1741 1082 1806; x_wconf 79' lang='lat' dir='ltr'>Vestrae</span> <span class='ocrx_word' id='word_1_115' title='bbox 1111 1739 1320 1805; x_wconf 80' lang='lat' dir='ltr'>Excellentiac</span> <span class='ocrx_word' id='word_1_116' title='bbox 1352 1739 1432 1806; x_wconf 88' lang='lat' dir='ltr'>hanc</span> 
     </span>
     <span class='ocr_line' id='line_1_15' title="bbox 193 1841 1431 1928; baseline 0.002 -22"><span class='ocrx_word' id='word_1_117' title='bbox 193 1861 370 1926; x_wconf 88' lang='lat' dir='ltr'>supremam</span> <span class='ocrx_word' id='word_1_118' title='bbox 386 1841 525 1910; x_wconf 83' lang='lat' dir='ltr'>Caesaris</span> <span class='ocrx_word' id='word_1_119' title='bbox 541 1843 733 1910; x_wconf 86' lang='lat' dir='ltr'>voluntatem</span> <span class='ocrx_word' id='word_1_120' title='bbox 748 1845 909 1912; x_wconf 84' lang='lat' dir='ltr'>adstricta</span> <span class='ocrx_word' id='word_1_121' title='bbox 925 1863 993 1910; x_wconf 90' lang='lat' dir='ltr'>eam</span> <span class='ocrx_word' id='word_1_122' title='bbox 1008 1843 1225 1928; x_wconf 86' lang='lat' dir='ltr'>exequendam,</span> <span class='ocrx_word' id='word_1_123' title='bbox 1240 1862 1349 1910; x_wconf 88' lang='lat' dir='ltr'>maneo</span> <span class='ocrx_word' id='word_1_124' title='bbox 1360 1863 1431 1910; x_wconf 90' lang='lat' dir='ltr'>cum</span> 
     </span>
     <span class='ocr_line' id='line_1_16' title="bbox 194 1945 473 2030; baseline 0 -18"><span class='ocrx_word' id='word_1_125' title='bbox 194 1946 283 2030; x_wconf 91' lang='lat' dir='ltr'>pleno</span> <span class='ocrx_word' id='word_1_126' title='bbox 305 1945 393 2012; x_wconf 90' lang='lat' dir='ltr'>cultu</span> <span class='ocrx_word' id='word_1_127' title='bbox 415 1947 473 2012; x_wconf 89' lang='lat' dir='ltr'>etc.</span> 
     </span>
    </p>
   </div>
   <div class='ocr_carea' id='block_1_5' title="bbox 194 2125 1432 2462">
    <p class='ocr_par' dir='ltr' id='par_1_5' title="bbox 194 2125 1432 2386">
     <span class='ocr_line' id='line_1_17' title="bbox 195 2125 1432 2204; baseline 0.001 -13"><span class='ocrx_word' id='word_1_128' title='bbox 195 2134 289 2191; x_wconf 79' lang='lat' dir='ltr'>XXXV.</span> <span class='ocrx_word' id='word_1_129' title='bbox 325 2138 574 2202; x_wconf 82' lang='lat' dir='ltr'>Regierungsdecret</span> <span class='ocrx_word' id='word_1_130' title='bbox 594 2125 651 2192; x_wconf 76' lang='lat' dir='ltr'>ro&#39;m</span> <span class='ocrx_word' id='word_1_131' title='bbox 671 2141 712 2192; x_wconf 76' lang='lat'>29.</span> <span class='ocrx_word' id='word_1_132' title='bbox 731 2141 799 2192; x_wconf 78' lang='lat' dir='ltr'>lierz</span> <span class='ocrx_word' id='word_1_133' title='bbox 818 2141 854 2200; x_wconf 82' lang='grc'>(9.</span> <span class='ocrx_word' id='word_1_134' title='bbox 869 2141 950 2204; x_wconf 75' lang='lat' dir='ltr'>April)</span> <span class='ocrx_word' id='word_1_135' title='bbox 970 2141 1046 2203; x_wconf 81' lang='lat'>1852,</span> <span class='ocrx_word' id='word_1_136' title='bbox 1064 2141 1177 2194; x_wconf 75' lang='lat' dir='ltr'>uniones</span> <span class='ocrx_word' id='word_1_137' title='bbox 1191 2141 1241 2194; x_wconf 86' lang='lat' dir='ltr'>den</span> <span class='ocrx_word' id='word_1_138' title='bbox 1254 2140 1432 2194; x_wconf 83' lang='lat' dir='ltr'>tetboliscben</span> 
     </span>
     <span class='ocr_line' id='line_1_18' title="bbox 194 2223 1432 2291; baseline 0.002 -15"><span class='ocrx_word' id='word_1_139' title='bbox 194 2223 323 2276; x_wconf 83' lang='lat' dir='ltr'>Prtesiem</span> <span class='ocrx_word' id='word_1_140' title='bbox 342 2227 391 2277; x_wconf 85' lang='lat' dir='ltr'>den</span> <span class='ocrx_word' id='word_1_141' title='bbox 412 2227 520 2290; x_wconf 79' lang='lat' dir='ltr'>vortrog</span> <span class='ocrx_word' id='word_1_142' title='bbox 540 2237 587 2278; x_wconf 83' lang='lat' dir='ltr'>ron</span> <span class='ocrx_word' id='word_1_143' title='bbox 607 2225 743 2290; x_wconf 83' lang='lat' dir='ltr'>Predigten</span> <span class='ocrx_word' id='word_1_144' title='bbox 763 2227 867 2290; x_wconf 65' lang='lat' dir='ltr'>eirenen</span> <span class='ocrx_word' id='word_1_145' title='bbox 884 2229 1072 2291; x_wconf 79' lang='lat' dir='ltr'>Aussrb&#39;sllong</span> <span class='ocrx_word' id='word_1_146' title='bbox 1091 2227 1222 2288; x_wconf 84' lang='lat' dir='ltr'>verhietet,</span> <span class='ocrx_word' id='word_1_147' title='bbox 1241 2239 1274 2278; x_wconf 87' lang='lat' dir='ltr'>an</span> <span class='ocrx_word' id='word_1_148' title='bbox 1292 2228 1369 2280; x_wconf 84' lang='lat' dir='ltr'>stelle</span> <span class='ocrx_word' id='word_1_149' title='bbox 1385 2227 1432 2279; x_wconf 88' lang='lat' dir='ltr'>der</span> 
     </span>
     <span class='ocr_line' id='line_1_19' title="bbox 195 2297 1430 2386; baseline 0.001 -22"><span class='ocrx_word' id='word_1_150' title='bbox 195 2309 300 2376; x_wconf 71' lang='lat' dir='ltr'>Predigt</span> <span class='ocrx_word' id='word_1_151' title='bbox 315 2308 359 2365; x_wconf 85' lang='lat' dir='ltr'>dle</span> <span class='ocrx_word' id='word_1_152' title='bbox 376 2309 480 2374; x_wconf 71' lang='lat' dir='ltr'>besuus</span> <span class='ocrx_word' id='word_1_153' title='bbox 498 2313 579 2364; x_wconf 84' lang='lat' dir='ltr'>sehon</span> <span class='ocrx_word' id='word_1_154' title='bbox 597 2313 755 2377; x_wconf 77' lang='lat' dir='ltr'>gedrurhler</span> <span class='ocrx_word' id='word_1_155' title='bbox 772 2314 908 2386; x_wconf 81' lang='lat' dir='ltr'>Predigten</span> <span class='ocrx_word' id='word_1_156' title='bbox 927 2313 1068 2366; x_wconf 82' lang='lat' dir='ltr'>verordhet</span> <span class='ocrx_word' id='word_1_157' title='bbox 1086 2297 1196 2365; x_wconf 86' lang='lat' dir='ltr'>und&#39;dle</span> <span class='ocrx_word' id='word_1_158' title='bbox 1210 2315 1306 2386; x_wconf 76' lang='lat' dir='ltr'>censor</span> <span class='ocrx_word' id='word_1_159' title='bbox 1323 2311 1430 2365; x_wconf 78' lang='lat' dir='ltr'>enideo</span> 
     </span>
    </p>

    <p class='ocr_par' dir='ltr' id='par_1_6' title="bbox 620 2389 1421 2462">
     <span class='ocr_line' id='line_1_20' title="bbox 620 2389 1421 2462; baseline 0 -10"><span class='ocrx_word' id='word_1_160' title='bbox 620 2401 736 2452; x_wconf 77' lang='lat' dir='ltr'>ueneror</span> <span class='ocrx_word' id='word_1_161' title='bbox 755 2401 847 2452; x_wconf 78' lang='lat' dir='ltr'>steros</span> <span class='ocrx_word' id='word_1_162' title='bbox 866 2401 1027 2462; x_wconf 75' lang='lat' dir='ltr'>onerum..</span> <span class='ocrx_word' id='word_1_163' title='bbox 1401 2389 1421 2404; x_wconf 85' lang='grc'>”</span> 
     </span>
    </p>
   </div>
   <div class='ocr_carea' id='block_1_6' title="bbox 196 2499 1440 4040">
    <p class='ocr_par' dir='ltr' id='par_1_7' title="bbox 196 2499 1440 4040">
     <span class='ocr_line' id='line_1_21' title="bbox 298 2499 1432 2584; baseline 0.001 -19"><span class='ocrx_word' id='word_1_164' title='bbox 298 2499 538 2566; x_wconf 73' lang='lat' dir='ltr'>noromensi</span> <span class='ocrx_word' id='word_1_165' title='bbox 558 2519 718 2584; x_wconf 84' lang='lat' dir='ltr'>supremae</span> <span class='ocrx_word' id='word_1_166' title='bbox 741 2501 960 2584; x_wconf 79' lang='lat' dir='ltr'>Imperatoriae</span> <span class='ocrx_word' id='word_1_167' title='bbox 981 2501 1150 2567; x_wconf 83' lang='lat' dir='ltr'>voluntatis</span> <span class='ocrx_word' id='word_1_168' title='bbox 1173 2520 1273 2567; x_wconf 89' lang='lat' dir='ltr'>comes</span> <span class='ocrx_word' id='word_1_169' title='bbox 1294 2501 1432 2580; x_wconf 87' lang='lat' dir='ltr'>Biudou‚</span> 
     </span>
     <span class='ocr_line' id='line_1_22' title="bbox 196 2602 1433 2690; baseline 0 -20"><span class='ocrx_word' id='word_1_170' title='bbox 196 2604 271 2670; x_wconf 87' lang='lat' dir='ltr'>tunc</span> <span class='ocrx_word' id='word_1_171' title='bbox 300 2603 442 2670; x_wconf 85' lang='lat' dir='ltr'>minister</span> <span class='ocrx_word' id='word_1_172' title='bbox 467 2623 630 2670; x_wconf 83' lang='lat' dir='ltr'>musarum</span> <span class='ocrx_word' id='word_1_173' title='bbox 653 2602 861 2684; x_wconf 84' lang='lat' dir='ltr'>internarum,</span> <span class='ocrx_word' id='word_1_174' title='bbox 891 2605 1014 2690; x_wconf 86' lang='lat' dir='ltr'>scriptis</span> <span class='ocrx_word' id='word_1_175' title='bbox 1044 2606 1107 2670; x_wconf 90' lang='lat' dir='ltr'>suis</span> <span class='ocrx_word' id='word_1_176' title='bbox 1133 2627 1163 2672; x_wconf 87' lang='lat' dir='ltr'>n.</span> <span class='ocrx_word' id='word_1_177' title='bbox 1191 2606 1263 2673; x_wconf 79' lang='lat'>640.</span> <span class='ocrx_word' id='word_1_178' title='bbox 1292 2605 1332 2670; x_wconf 91' lang='lat' dir='ltr'>ad</span> <span class='ocrx_word' id='word_1_179' title='bbox 1356 2615 1433 2670; x_wconf 87' lang='lat' dir='ltr'>rom.</span> 
     </span>
     <span class='ocr_line' id='line_1_23' title="bbox 196 2707 1435 2793; baseline 0 -20"><span class='ocrx_word' id='word_1_180' title='bbox 196 2708 278 2773; x_wconf 76' lang='lat' dir='ltr'>cath.</span> <span class='ocrx_word' id='word_1_181' title='bbox 305 2708 471 2792; x_wconf 74' lang='lat' dir='ltr'>collegium</span> <span class='ocrx_word' id='word_1_182' title='bbox 494 2709 594 2787; x_wconf 62' lang='lat' dir='ltr'>sarrs,</span> <span class='ocrx_word' id='word_1_183' title='bbox 608 2707 703 2793; x_wconf 86' lang='lat' dir='ltr'>jussit</span> <span class='ocrx_word' id='word_1_184' title='bbox 724 2710 754 2776; x_wconf 90' lang='lat' dir='ltr'>ei</span> <span class='ocrx_word' id='word_1_185' title='bbox 776 2711 820 2774; x_wconf 84' lang='lat' dir='ltr'>ita</span> <span class='ocrx_word' id='word_1_186' title='bbox 842 2729 891 2775; x_wconf 89' lang='lat' dir='ltr'>res</span> <span class='ocrx_word' id='word_1_187' title='bbox 913 2710 1065 2790; x_wconf 88' lang='lat' dir='ltr'>ordinare,</span> <span class='ocrx_word' id='word_1_188' title='bbox 1088 2712 1124 2776; x_wconf 91' lang='lat' dir='ltr'>ut</span> <span class='ocrx_word' id='word_1_189' title='bbox 1146 2710 1318 2776; x_wconf 87' lang='lat' dir='ltr'>sacerdotes</span> <span class='ocrx_word' id='word_1_190' title='bbox 1343 2709 1435 2774; x_wconf 89' lang='lat' dir='ltr'>latini</span> 
     </span>
     <span class='ocr_line' id='line_1_24' title="bbox 198 2811 1435 2902; baseline 0 -26"><span class='ocrx_word' id='word_1_191' title='bbox 198 2812 264 2902; x_wconf 85' lang='lat' dir='ltr'>sine</span> <span class='ocrx_word' id='word_1_192' title='bbox 286 2815 412 2894; x_wconf 78' lang='lat' dir='ltr'>praebia</span> <span class='ocrx_word' id='word_1_193' title='bbox 432 2811 618 2878; x_wconf 89' lang='lat' dir='ltr'>decanorum</span> <span class='ocrx_word' id='word_1_194' title='bbox 641 2831 780 2892; x_wconf 88' lang='lat' dir='ltr'>censura,</span> <span class='ocrx_word' id='word_1_195' title='bbox 802 2833 872 2880; x_wconf 84' lang='lat' dir='ltr'>non·</span> <span class='ocrx_word' id='word_1_196' title='bbox 886 2815 1020 2880; x_wconf 88' lang='lat' dir='ltr'>audeant</span> <span class='ocrx_word' id='word_1_197' title='bbox 1046 2815 1203 2880; x_wconf 89' lang='lat' dir='ltr'>conciones</span> <span class='ocrx_word' id='word_1_198' title='bbox 1229 2811 1380 2897; x_wconf 82' lang='lat' dir='ltr'>proferre3</span> <span class='ocrx_word' id='word_1_199' title='bbox 1403 2811 1435 2876; x_wconf 89' lang='lat' dir='ltr'>ct</span> 
     </span>
     <span class='ocr_line' id='line_1_25' title="bbox 197 2907 1436 3002; baseline 0.001 -23"><span class='ocrx_word' id='word_1_200' title='bbox 197 2917 254 2980; x_wconf 90' lang='lat' dir='ltr'>sub</span> <span class='ocrx_word' id='word_1_201' title='bbox 269 2934 302 2980; x_wconf 83' lang='lat' dir='ltr'>n.</span> <span class='ocrx_word' id='word_1_202' title='bbox 319 2918 401 2980; x_wconf 75' lang='lat' dir='ltr'>litt</span> <span class='ocrx_word' id='word_1_203' title='bbox 421 2917 636 3000; x_wconf 72' lang='lat' dir='ltr'>jussumiuit&#39;,</span> <span class='ocrx_word' id='word_1_204' title='bbox 658 2907 823 3001; x_wconf 83' lang='lat' dir='ltr'>reipsum</span> <span class='ocrx_word' id='word_1_205' title='bbox 844 2919 895 3002; x_wconf 89' lang='lat' dir='ltr'>jus</span> <span class='ocrx_word' id='word_1_206' title='bbox 921 2919 1118 3002; x_wconf 86' lang='lat' dir='ltr'>praedicendi</span> <span class='ocrx_word' id='word_1_207' title='bbox 1143 2917 1270 2984; x_wconf 89' lang='lat' dir='ltr'>verbum</span> <span class='ocrx_word' id='word_1_208' title='bbox 1297 2916 1436 2982; x_wconf 84' lang='lat' dir='ltr'>divinum</span> 
     </span>
     <span class='ocr_line' id='line_1_26' title="bbox 198 3021 1438 3106; baseline -0.001 -20"><span class='ocrx_word' id='word_1_209' title='bbox 198 3021 383 3086; x_wconf 79' lang='lat' dir='ltr'>concedatur</span> <span class='ocrx_word' id='word_1_210' title='bbox 397 3021 563 3104; x_wconf 81' lang='lat' dir='ltr'>unicnique</span> <span class='ocrx_word' id='word_1_211' title='bbox 578 3023 793 3100; x_wconf 83' lang='lat' dir='ltr'>ecclesiastico,</span> <span class='ocrx_word' id='word_1_212' title='bbox 811 3023 864 3088; x_wconf 89' lang='lat' dir='ltr'>sed</span> <span class='ocrx_word' id='word_1_213' title='bbox 879 3023 942 3088; x_wconf 88' lang='lat' dir='ltr'>illis</span> <span class='ocrx_word' id='word_1_214' title='bbox 957 3023 1055 3102; x_wconf 84' lang='lat' dir='ltr'>unice,</span> <span class='ocrx_word' id='word_1_215' title='bbox 1072 3023 1125 3106; x_wconf 86' lang='lat' dir='ltr'>qui</span> <span class='ocrx_word' id='word_1_216' title='bbox 1140 3024 1172 3087; x_wconf 89' lang='lat' dir='ltr'>et</span> <span class='ocrx_word' id='word_1_217' title='bbox 1187 3021 1316 3087; x_wconf 89' lang='lat' dir='ltr'>scientia</span> <span class='ocrx_word' id='word_1_218' title='bbox 1331 3039 1438 3086; x_wconf 89' lang='lat' dir='ltr'>sacrae</span> 
     </span>
     <span class='ocr_line' id='line_1_27' title="bbox 198 3123 1438 3210; baseline -0.002 -20"><span class='ocrx_word' id='word_1_219' title='bbox 198 3123 370 3208; x_wconf 84' lang='lat' dir='ltr'>scripturae</span> <span class='ocrx_word' id='word_1_220' title='bbox 391 3127 425 3190; x_wconf 86' lang='lat' dir='ltr'>et</span> <span class='ocrx_word' id='word_1_221' title='bbox 443 3126 526 3192; x_wconf 89' lang='lat' dir='ltr'>fideli</span> <span class='ocrx_word' id='word_1_222' title='bbox 549 3127 654 3210; x_wconf 82' lang='lat' dir='ltr'>legum</span> <span class='ocrx_word' id='word_1_223' title='bbox 678 3127 888 3192; x_wconf 88' lang='lat' dir='ltr'>observatione</span> <span class='ocrx_word' id='word_1_224' title='bbox 911 3127 1156 3210; x_wconf 78' lang='lat' dir='ltr'>distIngnuntnr.</span> <span class='ocrx_word' id='word_1_225' title='bbox 1199 3127 1291 3190; x_wconf 87' lang='lat' dir='ltr'>Nunc</span> <span class='ocrx_word' id='word_1_226' title='bbox 1309 3143 1381 3191; x_wconf 87' lang='lat' dir='ltr'>vero</span> <span class='ocrx_word' id='word_1_227' title='bbox 1404 3123 1438 3188; x_wconf 88' lang='lat' dir='ltr'>in</span> 
     </span>
     <span class='ocr_line' id='line_1_28' title="bbox 198 3218 1437 3316; baseline -0.002 -20"><span class='ocrx_word' id='word_1_228' title='bbox 198 3230 356 3312; x_wconf 82' lang='lat' dir='ltr'>sequelam</span> <span class='ocrx_word' id='word_1_229' title='bbox 380 3229 662 3296; x_wconf 79' lang='lat' dir='ltr'>subtilissimarum</span> <span class='ocrx_word' id='word_1_230' title='bbox 689 3218 881 3310; x_wconf 86' lang='lat' dir='ltr'>litterarum,</span> <span class='ocrx_word' id='word_1_231' title='bbox 912 3251 966 3315; x_wconf 89' lang='lat' dir='ltr'>per</span> <span class='ocrx_word' id='word_1_232' title='bbox 996 3231 1172 3316; x_wconf 84' lang='lat' dir='ltr'>generalem</span> <span class='ocrx_word' id='word_1_233' title='bbox 1198 3231 1437 3315; x_wconf 80' lang='lat' dir='ltr'>gubernatorem</span> 
     </span>
     <span class='ocr_line' id='line_1_29' title="bbox 198 3331 1438 3425; baseline 0.002 -29"><span class='ocrx_word' id='word_1_234' title='bbox 198 3331 377 3398; x_wconf 78' lang='lat' dir='ltr'>Vilnen&#39;sem</span> <span class='ocrx_word' id='word_1_235' title='bbox 391 3334 537 3412; x_wconf 79' lang='lat' dir='ltr'>Bibilroff,</span> <span class='ocrx_word' id='word_1_236' title='bbox 559 3334 641 3400; x_wconf 80' lang='lat' dir='ltr'>Suae</span> <span class='ocrx_word' id='word_1_237' title='bbox 662 3336 882 3418; x_wconf 88' lang='lat' dir='ltr'>Imperatoriae</span> <span class='ocrx_word' id='word_1_238' title='bbox 903 3335 1064 3418; x_wconf 85' lang='lat' dir='ltr'>Mejestati</span> <span class='ocrx_word' id='word_1_239' title='bbox 1084 3333 1260 3422; x_wconf 89' lang='lat' dir='ltr'>humillime</span> <span class='ocrx_word' id='word_1_240' title='bbox 1279 3333 1438 3425; x_wconf 61' lang='lat' dir='ltr'>porrectaf</span> 
     </span>
     <span class='ocr_line' id='line_1_30' title="bbox 198 3437 1438 3522; baseline 0.001 -22"><span class='ocrx_word' id='word_1_241' title='bbox 198 3452 283 3514; x_wconf 85' lang='lat' dir='ltr'>rum,</span> <span class='ocrx_word' id='word_1_242' title='bbox 314 3437 347 3500; x_wconf 86' lang='lat' dir='ltr'>et</span> <span class='ocrx_word' id='word_1_243' title='bbox 372 3437 465 3502; x_wconf 77' lang='lat' dir='ltr'>mmnl</span> <span class='ocrx_word' id='word_1_244' title='bbox 493 3439 709 3505; x_wconf 79' lang='lat' dir='ltr'>convenienter</span> <span class='ocrx_word' id='word_1_245' title='bbox 735 3438 872 3504; x_wconf 91' lang='lat' dir='ltr'>omnium</span> <span class='ocrx_word' id='word_1_246' title='bbox 899 3439 1110 3504; x_wconf 75' lang='lat' dir='ltr'>ministrorum</span> <span class='ocrx_word' id='word_1_247' title='bbox 1133 3438 1291 3516; x_wconf 86' lang='lat' dir='ltr'>decisioni,</span> <span class='ocrx_word' id='word_1_248' title='bbox 1318 3437 1438 3522; x_wconf 89' lang='lat' dir='ltr'>placuit</span> 
     </span>
     <span class='ocr_line' id='line_1_31' title="bbox 199 3541 1439 3626; baseline 0.001 -21"><span class='ocrx_word' id='word_1_249' title='bbox 199 3541 384 3624; x_wconf 86' lang='lat' dir='ltr'>Imperatori</span> <span class='ocrx_word' id='word_1_250' title='bbox 405 3560 459 3624; x_wconf 90' lang='lat' dir='ltr'>pro</span> <span class='ocrx_word' id='word_1_251' title='bbox 474 3542 547 3606; x_wconf 85' lang='lat' dir='ltr'>utili</span> <span class='ocrx_word' id='word_1_252' title='bbox 562 3545 740 3624; x_wconf 83' lang='lat' dir='ltr'>sequentem</span> <span class='ocrx_word' id='word_1_253' title='bbox 761 3543 900 3626; x_wconf 79' lang='lat' dir='ltr'>regulam</span> <span class='ocrx_word' id='word_1_254' title='bbox 917 3543 1094 3608; x_wconf 89' lang='lat' dir='ltr'>decernere:</span> <span class='ocrx_word' id='word_1_255' title='bbox 1118 3561 1156 3607; x_wconf 90' lang='lat' dir='ltr'>ne</span> <span class='ocrx_word' id='word_1_256' title='bbox 1172 3542 1297 3606; x_wconf 87' lang='lat' dir='ltr'>sciIIcet</span> <span class='ocrx_word' id='word_1_257' title='bbox 1319 3541 1439 3606; x_wconf 90' lang='lat' dir='ltr'>concio-</span> 
     </span>
     <span class='ocr_line' id='line_1_32' title="bbox 198 3628 1439 3728; baseline 0 -18"><span class='ocrx_word' id='word_1_258' title='bbox 198 3663 252 3710; x_wconf 86' lang='lat' dir='ltr'>nes</span> <span class='ocrx_word' id='word_1_259' title='bbox 278 3645 311 3708; x_wconf 89' lang='lat' dir='ltr'>iu</span> <span class='ocrx_word' id='word_1_260' title='bbox 335 3645 473 3710; x_wconf 89' lang='lat' dir='ltr'>eeclesiis</span> <span class='ocrx_word' id='word_1_261' title='bbox 498 3645 737 3725; x_wconf 86' lang='lat' dir='ltr'>catholicorum,</span> <span class='ocrx_word' id='word_1_262' title='bbox 761 3645 800 3710; x_wconf 90' lang='lat' dir='ltr'>ad</span> <span class='ocrx_word' id='word_1_263' title='bbox 827 3647 999 3728; x_wconf 77' lang='lat' dir='ltr'>exemplum</span> <span class='ocrx_word' id='word_1_264' title='bbox 1025 3647 1146 3711; x_wconf 84' lang='lat' dir='ltr'>nostroe</span> <span class='ocrx_word' id='word_1_265' title='bbox 1174 3628 1319 3711; x_wconf 78' lang='lat' dir='ltr'>ecclesiae</span> <span class='ocrx_word' id='word_1_266' title='bbox 1343 3645 1439 3728; x_wconf 81' lang='lat' dir='ltr'>(idest</span> 
     </span>
     <span class='ocr_line' id='line_1_33' title="bbox 200 3748 1440 3838; baseline 0.001 -25"><span class='ocrx_word' id='word_1_267' title='bbox 200 3748 439 3833; x_wconf 82' lang='lat' dir='ltr'>schlamatIcae),</span> <span class='ocrx_word' id='word_1_268' title='bbox 463 3749 544 3814; x_wconf 90' lang='lat' dir='ltr'>aliae</span> <span class='ocrx_word' id='word_1_269' title='bbox 563 3751 758 3832; x_wconf 85' lang='lat' dir='ltr'>proferantur</span> <span class='ocrx_word' id='word_1_270' title='bbox 778 3750 839 3814; x_wconf 88' lang='lat' dir='ltr'>nisi</span> <span class='ocrx_word' id='word_1_271' title='bbox 861 3769 923 3828; x_wconf 75' lang='lat' dir='ltr'>eae,</span> <span class='ocrx_word' id='word_1_272' title='bbox 947 3769 1025 3832; x_wconf 90' lang='lat' dir='ltr'>quae</span> <span class='ocrx_word' id='word_1_273' title='bbox 1041 3751 1229 3834; x_wconf 88' lang='lat' dir='ltr'>approbante</span> <span class='ocrx_word' id='word_1_274' title='bbox 1251 3749 1440 3838; x_wconf 88' lang='lat' dir='ltr'>auctoritate</span> 
     </span>
     <span class='ocr_line' id='line_1_34' title="bbox 199 3842 1439 3938; baseline 0.002 -21"><span class='ocrx_word' id='word_1_275' title='bbox 199 3849 409 3917; x_wconf 82' lang='lat' dir='ltr'>scelestestica</span> <span class='ocrx_word' id='word_1_276' title='bbox 424 3853 507 3936; x_wconf 83' lang='lat' dir='ltr'>tppis</span> <span class='ocrx_word' id='word_1_277' title='bbox 523 3842 729 3938; x_wconf 76' lang='lat' dir='ltr'>divulgandae</span> <span class='ocrx_word' id='word_1_278' title='bbox 743 3855 830 3920; x_wconf 89' lang='lat' dir='ltr'>sunt:</span> <span class='ocrx_word' id='word_1_279' title='bbox 853 3853 886 3918; x_wconf 91' lang='lat' dir='ltr'>in</span> <span class='ocrx_word' id='word_1_280' title='bbox 901 3854 959 3919; x_wconf 90' lang='lat' dir='ltr'>hoc</span> <span class='ocrx_word' id='word_1_281' title='bbox 974 3855 1079 3918; x_wconf 89' lang='lat' dir='ltr'>autem</span> <span class='ocrx_word' id='word_1_282' title='bbox 1095 3871 1168 3919; x_wconf 87' lang='lat' dir='ltr'>casu</span> <span class='ocrx_word' id='word_1_283' title='bbox 1183 3855 1236 3918; x_wconf 92' lang='lat' dir='ltr'>ubi</span> <span class='ocrx_word' id='word_1_284' title='bbox 1251 3855 1320 3937; x_wconf 89' lang='lat' dir='ltr'>quis</span> <span class='ocrx_word' id='word_1_285' title='bbox 1336 3873 1439 3920; x_wconf 90' lang='lat' dir='ltr'>sacer-</span> 
     </span>
     <span class='ocr_line' id='line_1_35' title="bbox 201 3955 1440 4040; baseline 0.001 -19"><span class='ocrx_word' id='word_1_286' title='bbox 201 3955 308 4021; x_wconf 87' lang='lat' dir='ltr'>dotum</span> <span class='ocrx_word' id='word_1_287' title='bbox 337 3956 432 4025; x_wconf 82' lang='lat' dir='ltr'>vellet</span> <span class='ocrx_word' id='word_1_288' title='bbox 461 3955 563 4021; x_wconf 88' lang='lat' dir='ltr'>dicere</span> <span class='ocrx_word' id='word_1_289' title='bbox 593 3957 767 4022; x_wconf 89' lang='lat' dir='ltr'>concionem</span> <span class='ocrx_word' id='word_1_290' title='bbox 790 3976 844 4021; x_wconf 89' lang='lat' dir='ltr'>suo</span> <span class='ocrx_word' id='word_1_291' title='bbox 867 3959 966 4022; x_wconf 87' lang='lat' dir='ltr'>marte</span> <span class='ocrx_word' id='word_1_292' title='bbox 990 3957 1190 4034; x_wconf 82' lang='lat' dir='ltr'>elaboratam,</span> <span class='ocrx_word' id='word_1_293' title='bbox 1216 3975 1277 4022; x_wconf 92' lang='lat' dir='ltr'>non</span> <span class='ocrx_word' id='word_1_294' title='bbox 1301 3957 1387 4040; x_wconf 86' lang='lat' dir='ltr'>prius</span> <span class='ocrx_word' id='word_1_295' title='bbox 1411 3957 1440 4022; x_wconf 90' lang='lat' dir='ltr'>ei</span> 
     </span>
    </p>
   </div>
   <div class='ocr_carea' id='block_1_7' title="bbox 200 4051 1542 4144">
    <p class='ocr_par' dir='ltr' id='par_1_8' title="bbox 200 4051 1542 4144">
     <span class='ocr_line' id='line_1_36' title="bbox 200 4051 1542 4144; baseline 0.004 -22"><span class='ocrx_word' id='word_1_296' title='bbox 200 4059 388 4143; x_wconf 85' lang='lat' dir='ltr'>permittere,</span> <span class='ocrx_word' id='word_1_297' title='bbox 411 4079 505 4142; x_wconf 83' lang='lat' dir='ltr'>quarn</span> <span class='ocrx_word' id='word_1_298' title='bbox 525 4061 811 4143; x_wconf 84' lang='lat' dir='ltr'>praeriescrmonio</span> <span class='ocrx_word' id='word_1_299' title='bbox 827 4061 998 4128; x_wconf 83' lang='lat' dir='ltr'>oraminea</span> <span class='ocrx_word' id='word_1_300' title='bbox 1020 4061 1226 4144; x_wconf 88' lang='lat' dir='ltr'>superioribus</span> <span class='ocrx_word' id='word_1_301' title='bbox 1250 4060 1439 4125; x_wconf 85' lang='lat' dir='ltr'>ecclesiasti·</span> <span class='ocrx_word' id='word_1_302' title='bbox 1534 4051 1542 4068; x_wconf 63' lang='lat'><em>⁸</em></span> 
     </span>
    </p>
   </div>
   <div class='ocr_carea' id='block_1_8' title="bbox 201 4162 1440 4352">
    <p class='ocr_par' dir='ltr' id='par_1_9' title="bbox 201 4162 1440 4352">
     <span class='ocr_line' id='line_1_37' title="bbox 201 4162 1439 4248; baseline 0.001 -20"><span class='ocrx_word' id='word_1_303' title='bbox 201 4163 245 4228; x_wconf 91' lang='lat' dir='ltr'>cis</span> <span class='ocrx_word' id='word_1_304' title='bbox 266 4162 422 4228; x_wconf 87' lang='lat' dir='ltr'>instituto.</span> <span class='ocrx_word' id='word_1_305' title='bbox 467 4165 504 4228; x_wconf 79' lang='lat' dir='ltr'>l&#39;n</span> <span class='ocrx_word' id='word_1_306' title='bbox 529 4171 702 4247; x_wconf 73' lang='lat' dir='ltr'>exequetur</span> <span class='ocrx_word' id='word_1_307' title='bbox 726 4165 818 4248; x_wconf 87' lang='lat' dir='ltr'>hujus</span> <span class='ocrx_word' id='word_1_308' title='bbox 848 4183 1007 4248; x_wconf 88' lang='lat' dir='ltr'>supremae</span> <span class='ocrx_word' id='word_1_309' title='bbox 1033 4163 1202 4230; x_wconf 87' lang='lat' dir='ltr'>uoluntatis</span> <span class='ocrx_word' id='word_1_310' title='bbox 1221 4164 1332 4248; x_wconf 88' lang='lat' dir='ltr'>jubeo,</span> <span class='ocrx_word' id='word_1_311' title='bbox 1363 4183 1387 4228; x_wconf 89' lang='lat' dir='ltr'>r.</span> <span class='ocrx_word' id='word_1_312' title='bbox 1403 4169 1439 4229; x_wconf 87' lang='lat' dir='ltr'>e.</span> 
     </span>
     <span class='ocr_line' id='line_1_38' title="bbox 201 4266 1440 4352; baseline -0.002 -18"><span class='ocrx_word' id='word_1_313' title='bbox 201 4266 340 4352; x_wconf 77' lang='lat' dir='ltr'>Collegic</span> <span class='ocrx_word' id='word_1_314' title='bbox 354 4267 513 4350; x_wconf 85' lang='lat' dir='ltr'>disponere</span> <span class='ocrx_word' id='word_1_315' title='bbox 527 4270 564 4334; x_wconf 90' lang='lat' dir='ltr'>ut</span> <span class='ocrx_word' id='word_1_316' title='bbox 579 4269 718 4334; x_wconf 90' lang='lat' dir='ltr'>collectio</span> <span class='ocrx_word' id='word_1_317' title='bbox 734 4269 913 4334; x_wconf 89' lang='lat' dir='ltr'>concionum</span> <span class='ocrx_word' id='word_1_318' title='bbox 928 4267 1035 4350; x_wconf 87' lang='lat' dir='ltr'>quovis</span> <span class='ocrx_word' id='word_1_319' title='bbox 1057 4268 1107 4332; x_wconf 88' lang='lat' dir='ltr'>die</span> <span class='ocrx_word' id='word_1_320' title='bbox 1123 4267 1274 4332; x_wconf 82' lang='lat' dir='ltr'>dominIco</span> <span class='ocrx_word' id='word_1_321' title='bbox 1297 4269 1328 4332; x_wconf 91' lang='lat' dir='ltr'>et</span> <span class='ocrx_word' id='word_1_322' title='bbox 1350 4267 1440 4334; x_wconf 83' lang='lat' dir='ltr'>lesti-</span> 
     </span>
    </p>
   </div>
   <div class='ocr_carea' id='block_1_9' title="bbox 200 4365 1560 4454">
    <p class='ocr_par' dir='ltr' id='par_1_10' title="bbox 200 4365 1560 4454">
     <span class='ocr_line' id='line_1_39' title="bbox 200 4365 1560 4454; baseline -0.001 -16"><span class='ocrx_word' id='word_1_323' title='bbox 200 4372 298 4438; x_wconf 86' lang='lat' dir='ltr'>vitote</span> <span class='ocrx_word' id='word_1_324' title='bbox 319 4373 352 4438; x_wconf 93' lang='lat' dir='ltr'>in</span> <span class='ocrx_word' id='word_1_325' title='bbox 367 4372 509 4437; x_wconf 88' lang='lat' dir='ltr'>omnibus</span> <span class='ocrx_word' id='word_1_326' title='bbox 531 4371 667 4441; x_wconf 89' lang='lat' dir='ltr'>eeclesiis</span> <span class='ocrx_word' id='word_1_327' title='bbox 692 4371 854 4438; x_wconf 88' lang='lat' dir='ltr'>catholicis</span> <span class='ocrx_word' id='word_1_328' title='bbox 880 4371 1043 4454; x_wconf 88' lang='lat' dir='ltr'>quotannis</span> <span class='ocrx_word' id='word_1_329' title='bbox 1069 4371 1331 4454; x_wconf 84' lang='lat' dir='ltr'>proferendarum‚</span> <span class='ocrx_word' id='word_1_330' title='bbox 1354 4371 1440 4454; x_wconf 90' lang='lat' dir='ltr'>prelo</span> <span class='ocrx_word' id='word_1_331' title='bbox 1554 4365 1560 4375; x_wconf 89' lang='lat'>&#39;</span> 
     </span>
    </p>
   </div>
   <div class='ocr_carea' id='block_1_10' title="bbox 200 4473 1440 4668">
    <p class='ocr_par' dir='ltr' id='par_1_11' title="bbox 200 4473 1440 4668">
     <span class='ocr_line' id='line_1_40' title="bbox 200 4473 1440 4560; baseline 0 -20"><span class='ocrx_word' id='word_1_332' title='bbox 200 4475 382 4554; x_wconf 79' lang='lat' dir='ltr'>mandetur,</span> <span class='ocrx_word' id='word_1_333' title='bbox 415 4495 477 4542; x_wconf 91' lang='lat' dir='ltr'>una</span> <span class='ocrx_word' id='word_1_334' title='bbox 510 4494 579 4540; x_wconf 88' lang='lat' dir='ltr'>cum</span> <span class='ocrx_word' id='word_1_335' title='bbox 612 4473 814 4542; x_wconf 72' lang='lat' dir='ltr'>mansiationc</span> <span class='ocrx_word' id='word_1_336' title='bbox 846 4493 951 4540; x_wconf 88' lang='lat' dir='ltr'>earum</span> <span class='ocrx_word' id='word_1_337' title='bbox 984 4474 1017 4539; x_wconf 90' lang='lat' dir='ltr'>in</span> <span class='ocrx_word' id='word_1_338' title='bbox 1049 4475 1190 4558; x_wconf 84' lang='lat' dir='ltr'>linguam</span> <span class='ocrx_word' id='word_1_339' title='bbox 1224 4475 1440 4560; x_wconf 83' lang='lat' dir='ltr'>samogiticam</span> 
     </span>
     <span class='ocr_line' id='line_1_41' title="bbox 202 4577 1440 4668; baseline -0.001 -23"><span class='ocrx_word' id='word_1_340' title='bbox 202 4582 327 4668; x_wconf 85' lang='lat' dir='ltr'>propter</span> <span class='ocrx_word' id='word_1_341' title='bbox 353 4581 461 4648; x_wconf 90' lang='lat' dir='ltr'>fideles</span> <span class='ocrx_word' id='word_1_342' title='bbox 486 4579 602 4646; x_wconf 90' lang='lat' dir='ltr'>latinae</span> <span class='ocrx_word' id='word_1_343' title='bbox 627 4577 787 4662; x_wconf 87' lang='lat' dir='ltr'>religionis</span> <span class='ocrx_word' id='word_1_344' title='bbox 812 4579 845 4644; x_wconf 91' lang='lat' dir='ltr'>in</span> <span class='ocrx_word' id='word_1_345' title='bbox 872 4579 1002 4664; x_wconf 77' lang='lat' dir='ltr'>dioecesi</span> <span class='ocrx_word' id='word_1_346' title='bbox 1029 4579 1167 4647; x_wconf 84' lang='lat' dir='ltr'>Telsensi</span> <span class='ocrx_word' id='word_1_347' title='bbox 1194 4580 1350 4666; x_wconf 85' lang='lat' dir='ltr'>degentes.</span> <span class='ocrx_word' id='word_1_348' title='bbox 1402 4579 1440 4644; x_wconf 90' lang='lat' dir='ltr'>Id</span> 
     </span>
    </p>
   </div>
   <div class='ocr_carea' id='block_1_11' title="bbox 0 0 1604 5128">
    <p class='ocr_par' dir='ltr' id='par_1_12' title="bbox 0 0 1604 5128">
     <span class='ocr_line' id='line_1_42' title="bbox 0 0 1604 5128; baseline 0 0"><span class='ocrx_word' id='word_1_349' title='bbox 0 0 1604 5128; x_wconf 95' lang='lat' dir='ltr'> </span> 
     </span>
    </p>
   </div>
  </div>
 </body>
</html>
