3170 5128
199 253 272 332 108
334 247 472 324 Crluoden
492 281 539 324 zur
558 268 716 336 pipsrllcbeu
734 269 900 327 1111111111
918 283 976 324 vom
997 273 1036 324 11.
1054 273 1200 326 November
1219 273 1292 327 1811.

191 458 285 525 tionis
299 458 339 524 ad
361 460 476 526 elerum
497 459 684 541 superiorem
698 461 864 543 pertinent,
888 463 916 528 2.
940 480 1069 527 censura
1090 461 1207 530 directe
1228 462 1269 528 ad
1287 463 1425 546 potesta-

193 569 258 636 tem
284 566 509 652 jurisdictionis
531 567 679 644 refertur,
710 566 742 632 et
764 568 794 632 3.
818 566 891 648 quia
915 566 1028 632 titulus
1055 566 1214 636 stolicis
1245 567 1430 633 decanorum

194 673 370 739 nostrorum
397 671 520 744 omnino
546 671 652 736 eadem
678 671 751 737 sunt
777 690 813 735 ac
839 671 1021 738 decanorum
1048 671 1195 738 eeclesiae
1229 671 1430 738 dominantis:

194 779 303 862 suapte
324 777 397 844 inde
411 777 560 859 seqnitur,
583 796 637 859 per
659 776 837 842 concionum
853 777 1075 842 catholicarum
1097 795 1258 842 censuram
1274 796 1292 842 a
1308 777 1433 846 decanis

194 883 369 960 exercitam,
393 881 493 965 quoad
508 881 647 946 litteram
663 881 695 946 et
717 880 882 946 essentiam
902 900 1078 964 supremam
1101 881 1292 946 voluntatem
1315 880 1431 964 exequi,

194 1006 273 1070 quae
287 987 320 1052 in
334 1005 370 1052 eo
385 986 535 1065 constitit,
555 987 580 1050 1.
597 987 632 1050 11
648 985 780 1050 censens
795 1004 906 1050 munus
922 986 1002 1050 clero
1018 986 1166 1070 superiori
1182 985 1431 1064 demandaretur,

175 1093 226 1182 ‘et
261 1095 290 1158 2.
323 1093 360 1158 11
394 1092 427 1159 iu
459 1092 517 1158 hoc
547 1089 671 1174 negotio
698 1089 798 1156 ordini
820 1089 966 1156 ecclesiae
992 1089 1180 1158 dominantis
1203 1089 1432 1156 adhaereretur.
1570 1080 1571 1120 l

195 1195 327 1276 Quaevis
350 1195 412 1262 alia
434 1193 603 1278 dispositio,
626 1212 688 1258 non
712 1193 836 1258 tanturn
864 1192 1030 1258 Caesareae
1056 1193 1227 1259 voluntatis
1252 1194 1350 1260 menti
1373 1213 1434 1258 non

168 1296 169 1304 ’
195 1300 380 1376 conveniret,
403 1299 457 1363 sed
480 1299 574 1364 etiarn
593 1297 805 1380 inopportunis
831 1297 1060 1362 commentariis
1083 1316 1119 1362 ao
1141 1296 1324 1382 conjecturis
1345 1315 1434 1362 occa-

195 1409 311 1474 sionem
333 1405 511 1501 praeberem
534 1403 567 1468 in
588 1401 735 1468 mandato
750 1401 831 1468 enim
848 1399 997 1468 Caesareo
1011 1420 1072 1468 non
1086 1401 1211 1480 dicitur,
1234 1403 1271 1467 ut
1284 1401 1317 1468 in
1335 1401 1433 1468 eccle·
1571 1447 1572 1468 .

195 1513 336 1578 siasticos
352 1509 476 1576 decernis
497 1506 668 1591 superiores
684 1521 830 1570 censurae
852 1505 988 1571 officium
1010 1505 1196 1589 imponatur,
1220 1507 1252 1572 et
1274 1505 1434 1590 propterea

195 1635 293 1700 neque
313 1612 488 1698 consulenti
510 1631 607 1695 neque
630 1609 758 1693 capituli
780 1610 920 1676 membra
942 1609 1158 1689 nominantur,
1181 1610 1235 1675 red
1256 1610 1289 1676 in
1310 1609 1434 1674 univer-

195 1741 264 1786 sum
276 1715 465 1786 solummodo
476 1715 621 1800 exigitur,
636 1715 673 1780 ut
684 1713 843 1780 conciones
855 1713 928 1778 cleri
939 1712 1102 1796 superioris
1113 1713 1433 1778 censuramsubeaut:

193 1823 259 1908 jam
274 1840 345 1888 vero
360 1819 433 1886 ordo
447 1819 480 1884 in
494 1817 609 1900 templo
626 1815 797 1884 dominanti
818 1835 853 1882 ex
874 1815 998 1900 integro
1018 1816 1075 1883 hoc
1096 1816 1255 1901 negocium
1272 1816 1433 1896 dilucidat,

195 1946 230 1991 eo
252 1925 362 2009 magis,
385 1922 466 2006 quod
490 1923 523 1991 iu
548 1922 681 2005 praeviis
707 1920 866 1988 Caesareis
891 1920 1058 2000 mandatis,
1083 1921 1240 1988 mediante
1261 1921 1433 1988 ministerio

195 2031 388 2096 intemarum
413 2019 592 2104 causarum,
620 2024 707 2092 adr.
731 2025 813 2090 catln
840 2023 1012 2109 Collegium
1035 2025 1073 2092 de
1097 2024 1147 2090 die
1172 2027 1223 2091 26,
1250 2025 1433 2092 Novembris

198 2134 279 2200 1831
303 2151 330 2198 a.
347 2131 397 2196 die
415 2131 464 2194 11.
480 2129 597 2206 Martii,
619 2128 650 2194 d.
668 2129 717 2194 17.
734 2127 934 2210 Septembris,
957 2129 1008 2195 31.
1024 2128 1204 2194 Decembris
1229 2129 1376 2196 183211.
1400 2134 1434 2196 11

195 2239 247 2302 28.
263 2233 373 2302 Martii
390 2233 471 2300 1842
495 2232 577 2309 anni,
600 2231 736 2308 (11111111,
760 2231 868 2296 decani
889 2231 1037 2314 tanquam
1061 2251 1200 2298 censores
1221 2232 1430 2301 exhibeantur.

196 2339 342 2406 Admisso
357 2337 482 2402 demum
496 2336 581 2402 illius
598 2335 766 2402 Caesareae
782 2335 953 2402 voluntatis
963 2336 1024 2402 beo
1035 2335 1231 2419 expositione,
1247 2335 1433 2419 111111111-

197 2445 294 2511 adum
320 2441 500 2510 concionum
526 2459 662 2519 censura,
698 2460 717 2506 a
743 2441 889 2508 membris
922 2439 1051 2523 capituli
1084 2442 1115 2506 et
1141 2440 1313 2508 consistorii
1345 2440 1434 2506 unice

197 2547 396 2624 exerceretur,
423 2545 491 2612 tum
519 2544 661 2612 Caesarei
682 2544 822 2610 mandati
845 2563 962 2628 scopus,
986 2564 1045 2628 quo
1068 2545 1149 2628 aptis
1176 2546 1207 2610 et
1230 2544 1311 2628 digis
1338 2545 1435 2610 eccle-

196 2650 331 2716 siasticis
353 2649 528 2716 concionem
550 2648 672 2734 proprio
694 2649 794 2714 marte
817 2647 1021 2730 conscriptam
1039 2647 1141 2714 dicere
1155 2649 1358 2732 permittitur,
1381 2647 1436 2715 cb·
1574 2619 1575 2700 l

195 2754 289 2820 tineri
303 2753 426 2838 nequit:
451 2771 546 2836 eoque
568 2753 633 2835 ipso
656 2753 689 2818 et
710 2752 911 2835 Imperatoris
924 2752 1068 2818 voluntas
1081 2753 1205 2836 plenam
1224 2752 1435 2820 executionem

196 2877 257 2922 non
285 2856 423 2922 habebit.
468 2855 663 2922 Praedicatio
698 2857 782 2921 verbi
815 2855 918 2948 divini
942 2856 999 2924 111
1022 2876 1117 2926 unum
1151 2875 1186 2922 ex
1221 2855 1437 2924 essentialibus

197 2961 357 3028 elementis
386 2960 545 3045 religionis
571 2960 758 3044 catholicae,
786 2961 879 3044 atque
909 2959 1020 3026 intime
1049 2959 1211 3042 cumipse
1240 2959 1333 3042 hujus
1362 2957 1452 3058 fidei!

196 3064 361 3132 existentia
376 3065 555 3130 cohaerens:
571 3065 651 3145 fides
667 3064 780 3131 etenim
797 3063 834 3144 ut
848 3063 893 3128 ait
908 3061 937 3130 S.
950 3063 1067 3128 Paulus
1077 3063 1166 3130 Rom.
1183 3063 1244 3141 10,
1260 3085 1299 3130 erc
1313 3063 1435 3140 auditu,

196 3170 324 3236 11111111
344 3174 446 3234 comm
461 3188 524 3248 per
545 3166 671 3232 uerbom
686 3165 835 3232 Obroatis
881 3166 1047 3246 Quocirca,
1070 3166 1226 3232 Ecclesiae
1248 3167 1372 3232 nostrae
1395 3185 1435 3232 ss.

197 3291 326 3341 canones
341 3273 398 3338 sub
414 3271 503 3355 gravi
526 3270 689 3352 praecepto
703 3269 862 3347 mandant,
882 3270 1118 3350 caraecarae
1142 3271 1281 3338 omnibus
1305 3271 1436 3336 domini·

197 3377 240 3442 cis
263 3379 295 3442 et
310 3376 497 3446 solennibus
520 3374 629 3448 diebus
652 3373 750 3451 iestis,
773 3373 885 3457 populo
908 3373 947 3438 ad
962 3373 1068 3440 111111
1090 3375 1278 3459 congregato
1298 3374 1436 3440 divinam

195 3481 312 3568 legem*
331 3479 528 3552 amruucient.
589 3477 699 3544 Vivam
731 3477 971 3561 praedicationis
1003 3496 1109 3544 rocem
1149 3477 1236 3546 nulla
1267 3477 1436 3544 lectionum

196 3585 316 3652 lectura
348 3583 489 3668 supplere
514 3582 626 3666 potest,
661 3581 797 3664 quaein
830 3581 975 3646 11111111
1005 3582 1127 3648 nonnisi
1160 3582 1354 3660 admittitur,
1382 3581 1436 3648 ubi
1513 3575 1516 3582 ’

197 3707 306 3771 nempe
320 3686 462 3752 sacerdos
484 3685 533 3750 vel
553 3685 692 3774 incapax,
715 3685 765 3751 rel
785 3685 904 3752 ratione
927 3685 1027 3751 malae
1043 3685 1127 3752 vitae
1142 3686 1181 3754 ad
1196 3686 1436 3769 praedicandum

197 3811 234 3858 ex
255 3811 288 3856 se
310 3791 438 3856 verbum
459 3789 606 3873 indignus
629 3788 778 3855 redditur.
823 3788 925 3854 Verbo
955 3787 1057 3876 diuino
1078 3788 1161 3854 inest
1181 3789 1228 3854 ris
1250 3789 1435 3868 udicandi,

197 3893 370 3980 quiaillud
395 3913 431 3958 cx
456 3911 530 3970 uno,
561 3893 702 3970 aeterno,
732 3905 890 3975 uunquam
921 3891 1124 3958 exhauriendo
1151 3893 1234 3958 fonte
1264 3893 1452 3972 dimanans,

197 4001 245 4065 est
267 3997 373 4064 eodem
399 3998 537 4078 tempore
563 3997 669 4078 aptum
696 3995 865 4063 enodandis
889 3997 920 4062 et
943 3996 1134 4079 applicandis
1154 3996 1322 4062 innumeris
1345 4015 1437 4062 even-

196 4103 281 4168 tibus
303 4120 340 4166 ac
355 4100 519 4183 adjunctis,
542 4099 832 4182 preciositatem
846 4100 938 4168 11111
954 4099 1094 4180 hominis,
1119 4100 1187 4166 tum
1207 4100 1304 4166 totius
1326 4101 1437 4166 huma·

196 4205 307 4286 nitatis
329 4205 522 4288 contingunt.
566 4204 655 4270 Nihil
671 4223 806 4288 unquam
821 4205 943 4270 eveuim
963 4205 1074 4288 potest,
1099 4204 1180 4288 quod
1201 4204 1312 4289 religio
1330 4205 1437 4271 11111-

196 4310 257 4376 lica
272 4309 323 4374 vel
337 4309 470 4392 simplici
485 4327 541 4374 rua
556 4308 698 4380 doctrina
713 4309 869 4390 amplecti,
884 4309 1064 4392 ponderare,
1088 4307 1280 4392 spiritualem
1299 4310 1436 4374 fructum

197 4411 372 4498 depromere
395 4413 426 4478 et
449 4411 632 4480 relationem
647 4431 718 4478 cum
740 4411 973 4478 immotisfidei
993 4413 1179 4479 veritatibus
1202 4413 1353 4492 exhibere,
1376 4431 1437 4478 non

196 4517 742 4601 11111111111111111111111111
764 4536 888 4582 omnem
909 4518 1098 4584 occasionem
1120 4517 1153 4582 in
1176 4535 1266 4582 usum
1289 4517 1435 4582 moralem

196 4621 301 4703 vertit,
316 4621 452 4690 turbatis
466 4639 574 4706 pacem
588 4621 762 4701 restituere,
779 4621 904 4690 moestis
920 4620 1065 4688 solatium
1082 4620 1243 4700 instillare,
1260 4619 1433 4688 errantibus
