3068 5124
262 309 306 372 hie
324 331 392 373 nean
406 307 526 383 Bellagen
545 329 604 372 zum
623 319 716 372 bsterr.
736 300 1054 372 00000110110010010
1076 305 1149 367 reat.
1252 289 1324 373 451

75 507 326 574 constitutiones
340 506 494 589 praefatas
508 505 542 568 in
557 504 709 583 omnibus,
732 503 786 569 ubi
801 503 917 588 vigent,
941 502 1111 569 ditionibus
1130 503 1329 568 intemeratas

75 615 154 660 esse
179 593 409 670 conservandas,
431 591 580 675 Majeatas
596 590 658 656 Sua
673 593 785 656 censet.
831 590 918 671 0001
941 591 1046 654 autem
1068 589 1191 655 litteras
1215 589 1330 654 attinet

76 682 275 756 reversales,
298 678 408 762 quibus
433 679 479 742 vir
503 677 690 742 acatholicus
716 676 858 759 spondet,
889 678 952 741 fore
973 678 1010 740 ut
1039 693 1143 742 010000
1173 677 1272 758 proles
1295 693 1331 739 ex

77 766 289 833 matrimonio
305 765 401 828 mixto
417 764 562 828 oriundae
584 763 699 830 101110
725 762 879 827 catholica
904 761 1083 840 educentur,
1107 781 1213 827 earum
1234 760 1332 826 firmi·

78 854 150 918 tati
174 851 330 935 provisum
346 851 394 914 est
408 869 462 932 per
477 850 577 932 legem
594 852 624 915 3.
644 848 723 914 Julii
739 849 823 913 1842
846 849 955 927 latam,
978 867 1070 932 quam
1089 848 1245 932 integram
1261 865 1332 912 con·

82 938 209 1004 servari
231 936 456 1019 Augustissimi
478 936 621 1000 voluutas
644 936 700 1000 est.

199 1025 248 1106 [3]
276 1023 392 1088 Revera
414 1041 493 1086 anno
522 1023 604 1085 1783
631 1020 789 1086 decretum
816 1021 878 1098 est,
904 1021 941 1084 01
971 1019 1137 1085 acatholici
1166 1019 1270 1086 eodem
1295 1035 1332 1082 ac

84 1111 240 1176 catholici
261 1109 438 1174 coemeterio
460 1109 652 1189 sepeliantur
673 1126 728 1171 aee
749 1125 813 1170 aaa
834 1111 869 1170 at
888 1106 923 1170 e‘a
945 1106 1190 1173 acatholicorum
1209 1105 1332 1187 faueri-

84 1198 149 1262 bas
166 1196 389 1261 catholicorum
404 1214 576 1274 campanae
585 1193 762 1274 patrentur,
788 1191 820 1256 et
836 1191 955 1273 quoties
977 1193 1100 1274 praesto
1123 1211 1184 1257 non
1207 1191 1258 1269 011,
1282 1189 1334 1274 001

86 1282 240 1347 defuncto
256 1280 398 1345 funebria
416 1281 429 1363 j
472 1282 506 1344 10
521 1278 718 1343 confessionis
734 1295 808 1342 0000
822 1279 918 1342 ritum
934 1278 1039 1356 faciat,
1062 1277 1213 1361 parochus
1228 1276 1336 1341 catho-

87 1369 174 1434 licas
196 1369 288 1431 funus
311 1366 485 1444 comitetur,
508 1366 626 1430 vestem
647 1365 753 1429 tamen
767 1382 960 1429 communem
974 1364 1102 1428 1010100
1120 1365 1152 1429 01
1170 1361 1336 1428 ministerii

90 1454 177 1518 sacri
204 1471 304 1534 00000
331 1453 421 1535 signa
450 1470 577 1535 gerens,
607 1453 705 1534 00000
733 1449 904 1514 1000110000
931 1469 1080 1516 exercens
1125 1451 1275 1515 Attamen
1301 1466 1337 1512 ex

95 1558 181 1604 0000
208 1540 291 1604 1850
317 1538 451 1621 parocho
478 1537 631 1602 catholico
658 1536 744 1600 nulla
769 1536 861 1618 plane
886 1537 1055 1618 imponitur
1081 1535 1265 1613 necessitas,
1287 1534 1338 1599 vel

90 1627 189 1690 funus
211 1623 376 1690 acatholici
399 1623 560 1706 cujusdam
582 1622 853 1706 quomodocunque
886 1621 1110 1687 concomitandi
1138 1623 1188 1688 vel
1209 1620 1336 1704 permit·

92 1711 200 1789 10011,
231 1711 323 1774 utin
349 1709 589 1774 acatholicorum
611 1709 769 1773 funeribus
795 1707 950 1772 Ecclesiae
976 1707 1146 1773 catholicae
1172 1724 1338 1789 campanae

92 1797 268 1880 pulsentur.
319 1796 449 1877 Insuper
476 1793 667 1859 Gubernium
697 1793 860 1876 Imperiale
885 1813 1000 1871 curam,
1023 1796 1173 1877 quantum
1199 1793 1339 1876 1101100-

99 1882 195 1960 terit,
227 1881 372 1959 habebit,
401 1883 438 1945 ut
464 1881 705 1946 acatholicorum
733 1880 892 1944 funeribus
917 1881 971 1944 aut
994 1879 1177 1946 coemeteria
1199 1879 1341 1963 separata

100 1969 158 2034 001
181 1968 324 2050 separata
345 1967 378 2030 in
400 1967 590 2032 coemeteriis
612 1967 678 2032 loca
701 1966 907 2050 assignentur.

209 2053 329 2118 (1011010
345 2053 477 2136 (proprie
493 2053 537 2117 sic
559 2053 642 2117 dicta
656 2053 779 2135 praeter
793 2051 983 2116 Buoovinam
999 2051 1098 2117 eidem
1117 2069 1232 2116 annum
1246 2069 1342 2135 00000

103 2139 187 2204 1849
204 2139 338 2224 unitam)
362 2139 499 2204 continet
514 2140 631 2218 30000
646 2139 853 2222 protestantes
870 2137 1050 2204 0101000οο
1073 2139 1111 2203 ah
1134 2137 1274 2202 Ecclesia
1296 2156 1344 2202 se-

101 2226 227 2309 paratos
245 2225 330 2290 haud
350 2225 569 2307 infrequentes,
595 2243 724 2308 quorum
743 2225 866 2308 juribus
886 2224 1045 2308 religionis
1067 2223 1246 2289 exercitium
1268 2223 1344 2289 atti-

103 2313 248 2376 nentibus
273 2311 412 2376 tractatu
437 2311 636 2376 Varsoviensi
661 2312 788 2375 cautum
811 2311 867 2375 est.
913 2311 1080 2388 Bucovina,
1104 2329 1181 2392 quae
1204 2329 1275 2392 pars
1297 2310 1345 2373 001
1368 2330 1370 2336 ‘

103 2397 294 2475 Moldaviae,
325 2397 434 2461 Turcis
465 2397 559 2462 armis
584 2396 758 2462 Austriacis
788 2398 909 2480 erepta,
933 2416 1027 2479 quum
1053 2396 1198 2462 Austriaa
1220 2395 1346 2473 0110101,

106 2485 174 2547 1010
196 2485 313 2564 000010
327 2483 518 2548 incolebatur
540 2481 698 2548 aGraecis
718 2483 863 2547 00100001
886 2501 1004 2548 sacram
1027 2483 1247 2562 recusantibus,
1272 2499 1347 2566 000-

106 2588 174 2632 rum
202 2570 234 2632 01
262 2568 429 2632 hodiedum
459 2568 727 2646 30000000101.
773 2567 912 2632 Tirolum
941 2568 1027 2652 regio
1050 2570 1098 2633 est
1121 2566 1273 2634 exclusive
1296 2585 1348 2632 ca-

107 2654 238 2730 tholica,
269 2653 323 2719 001
356 2655 477 2736 partem
512 2654 673 2718 constituit
704 2654 978 2720 confoederationis
1007 2653 1225 2733 Germanicae,
1260 2653 1348 2737 cujus

110 2742 198 2823 pacto
227 2739 454 2804 fundamentali
481 2739 634 2803 sancitum
658 2741 721 2818 est,
749 2742 785 2804 ut
807 2739 891 2804 intra
912 2740 979 2823 ejus
1008 2741 1126 2805 limites
1149 2739 1294 2806 catholici
1316 2739 1348 2803 et

112 2826 273 2891 acatholici
287 2826 397 2890 iisdem
417 2825 540 2909 juribus
563 2825 705 2890 civilibus
719 2825 914 2908 politicisque
930 2825 1096 2908 gaudeant.
1141 2825 1258 2906 Quodsi
1279 2825 1349 2908 lege

111 2913 328 2990 statuerentur,
352 2931 431 2994 quae
454 2909 726 2975 confoederationis
748 2910 941 2994 pactionibus
957 2912 1079 2977 0100100
1094 2912 1349 2988 contradicerent,

112 3017 263 3065 summum
284 2997 509 3080 praejudicium
531 2996 696 3062 inferretur
718 2997 767 3061 tot
790 2995 971 3062 Germaniae
992 2998 1152 3064 catholicis
1182 2999 1239 3062 sub
1266 2998 1350 3081 prin·

113 3085 228 3168 cipibus
257 3083 437 3150 acatholicis
467 3082 656 3160 viventibus,
687 3101 818 3165 quorum
843 3083 1049 3166 patrocinium
1074 3083 1220 3148 Austriae
1245 3083 1279 3148 in
1301 3101 1351 3147 co·

115 3169 210 3234 mitiis
242 3168 567 3234 francofordiensibus
608 3169 762 3252 agendum
796 3169 852 3233 est.
918 3168 1127 3234 Nihilominus
1161 3168 1352 3234 Gubernium

119 3255 314 3320 Austriacum
339 3256 384 3320 nil
405 3274 540 3337 unquam
562 3254 751 3320 intentatum
774 3255 909 3338 reliquit,
932 3255 969 3319 ut
987 3255 1227 3320 acatholicorum
1247 3254 1353 3320 000100

123 3341 368 3406 0111010001001
394 3340 571 3425 regionibus
597 3341 723 3406 arceret.
779 3341 1080 3420 Zillerthalensibus‚
1106 3340 1159 3424 qui
1192 3338 1354 3424 quingenti

125 3428 241 3493 circiter
256 3447 382 3493 numero
401 3428 518 3492 sectam
533 3445 639 3492 avara
660 3427 800 3492 doctrina
814 3428 947 3492 multum
964 3427 1155 3492 aberrantem
1176 3428 1355 3493 efformare·

119 3517 194 3593 rant,
217 3533 295 3580 anno
317 3515 397 3578 1837
414 3513 631 3597 emigrandum
645 3515 720 3578 erat.
765 3514 801 3577 In
817 3513 986 3579 ditionibus
1000 3514 1239 3598 Langobardicis
1253 3515 1354 3579 Vene-

121 3601 225 3684 tisque,
248 3600 304 3664 ubi
318 3600 440 3683 praeter
457 3601 540 3664 1000
557 3599 680 3664 circiter
694 3600 901 3682 protestantes
924 3600 1034 3664 01400
1050 3599 1182 3665 Graecos
1206 3621 1224 3665 a
1246 3600 1354 3665 catho-

120 3686 176 3750 liea
196 3685 317 3749 unitate
340 3686 455 3750 alienos
477 3684 571 3748 fidem
592 3685 777 3750 catholicam
799 3704 905 3750 ornnes
927 3687 1053 3764 100001,
1076 3687 1136 3750 100
1159 3687 1283 3751 tantum
1305 3686 1355 3752 vel

122 3770 177 3836 tria
200 3769 395 3852 reperiuntur
420 3770 658 3854 protestantium
684 3772 717 3835 01
742 3770 929 3837 Graecorum
957 3771 1185 3854 praedictorum
1210 3772 1353 3838 oratoria.

123 3855 252 3921 Haecin
275 3855 361 3920 statu
382 3874 443 3937 quo
462 3855 634 3938 relinquere
655 3875 778 3921 necesse
801 3859 866 3934 est;
892 3857 1142 3941 Angustissimus
1164 3859 1269 3923 autem
1290 3859 1355 3924 Im-

125 3943 239 4026 perator
253 3961 307 4024 pro
323 3960 368 4020 eo,
391 3960 451 4024 quo
473 3941 587 4024 agitur,
610 3941 769 4026 religionis
784 3942 887 4008 studio
909 3943 1012 4008 omnia
1037 3944 1083 4008 110
1098 3944 1248 4027 disponet,
1271 3945 1355 4009 0110

127 4048 211 4113 regno
226 4027 530 4093 Lomundo-Veneto
546 4027 705 4109 publicum
719 4028 878 4112 religionis
890 4029 1070 4094 exercitium
1083 4030 1236 4096 Ecclesiae
1248 4031 1356 4096 catho-

126 4115 195 4180 licae
210 4133 254 4194 eo,
278 4133 337 4197 quo
360 4114 518 4197 hucusque
533 4114 648 4178 factum
666 4115 723 4192 est,
739 4114 829 4180 modo
844 4115 995 4180 exclusive
1010 4118 1192 4182 reservetur.

221 4218 270 4302 [4]
299 4216 444 4282 Ceterum
467 4219 498 4283 et
524 4217 623 4301 pietas
643 4219 675 4282 et
697 4217 821 4300 publica
835 4218 962 4302 Imperii
981 4219 1103 4284 utilitas
1126 4219 1355 4304 Angustissimo

130 4303 236 4381 suadet,
260 4304 371 4380 omnia,
394 4305 505 4387 quibus
527 4305 600 4370 fidei
629 4304 800 4370 catholicae
822 4304 910 4389 vigor
938 4306 1119 4371 labefactari
1140 4308 1261 4390 posset,
1285 4325 1357 4370 oon·

131 4389 205 4473 gruis
226 4389 369 4454 remediis
387 4409 578 4473 praecavere.
623 4389 773 4456 Attamen
789 4408 823 4457 eo
839 4392 871 4455 in
893 4393 1016 4476 negotio
1038 4393 1162 4476 provide
1178 4391 1358 4457 attendatur

25 4475 27 4498 ‘
131 4475 248 4558 oportet,
270 4475 352 4558 quod
366 4476 532 4558 Imperium
547 4477 746 4542 Austriacum
760 4476 875 4542 incolas
891 4479 1062 4558 7,400‚000
1078 4479 1234 4544 contineat
1257 4497 1275 4542 a
1296 4477 1358 4544 fide

132 4561 270 4628 catholica
295 4559 420 4640 alienos,
442 4562 496 4645 qui
520 4563 676 4627 nonnullis
701 4563 734 4626 in
763 4563 940 4648 regionibus
966 4565 1006 4630 01
1030 4566 1122 4648 pacta
1146 4563 1270 4646 publica
1296 4584 1357 4629 nou

134 4647 275 4714 immerito
307 4650 483 4732 provocant.
529 4649 565 4712 In
592 4648 723 4716 dioecesi
748 4649 1098 4733 Magno-Varadinensi
1122 4649 1216 4715 multi
1250 4647 1359 4716 Graeci

1086 4751 1153 4818 29*
