3068 5124
198 265 273 338 452
374 273 418 328 ore
437 286 506 328 neon
522 273 644 338 astiagen
661 283 720 326 zum
738 235 830 326 osten.
849 265 1068 322 concordatum
1086 265 1165 320 Jrhre
1185 265 1263 318 1855.

195 465 275 529 ritus
292 459 437 528 catholici
451 459 545 528 variis
568 457 687 524 artibus
709 455 909 522 circumventi
929 473 947 518 a
966 469 1054 518 sacra
1067 452 1180 518 unione
1198 451 1416 516 defecerunt
1440 453 1486 526 et,

197 550 252 616 ubi
275 566 401 614 numero
420 547 522 630 plures
538 545 635 622 eraut,
658 543 806 621 Ecclesia,
830 543 919 607 domo
941 538 1109 623 parochiali
1130 538 1342 621 praediisque
1371 538 1488 619 potiti

198 636 281 701 sunt.
325 632 476 700 Attamen
497 651 532 698 eo
554 633 630 696 haec
653 630 830 694 acciderunt
852 629 999 710 tempore,
1022 643 1082 708 quo
1102 624 1255 690 seditione
1280 625 1321 688 et
1347 624 1486 686 mutua

196 723 309 787 civium
325 719 416 784 caede
437 718 593 783 saeviente
608 716 729 780 nullum
746 716 791 780 ibi
813 714 951 779 divinum
966 713 1173 776 humanumve
1195 711 1381 792 supererat
1408 710 1482 791 jus.

197 809 264 873 Nec
287 806 430 872 antehae
452 804 559 868 turbas
581 821 637 867 nec
659 801 698 866 iis
720 801 836 866 sedatis
858 799 1049 864 Gubemium
1069 796 1284 875 Austriacum,
1313 799 1360 859 ut
1389 796 1484 860 talia

196 893 426 977 peragerentur,
450 889 604 954 toleravit.
650 885 710 952 Sed
725 887 861 969 periculo
879 905 939 950 non
955 884 1089 961 carebat,
1111 902 1186 965 pace
1209 883 1262 948 vix
1286 883 1482 964 utcunque

196 980 344 1044 restituta
358 979 390 1042 et
405 976 542 1040 dissidiis
556 975 656 1040 adhuc
670 972 872 1058 gliscentibus
886 973 936 1037 tot
950 969 1088 1034 homines
1103 969 1195 1033 rudes
1211 969 1252 1032 ad
1267 969 1481 1032 retractan-

195 1067 270 1130 dum
284 1083 376 1147 preve
392 1065 481 1146 gesta
504 1059 692 1126 riadhibita
707 1058 898 1142 compellere.
937 1055 1037 1121 Curae
1059 1056 1165 1120 tamen
1187 1054 1364 1120 Gubernio
1394 1056 1477 1130 erit,

172 1154 234 1216 vut
257 1150 417 1216 catholicis
440 1147 646 1214 restituantur
668 1146 748 1211 bona
769 1143 987 1221 ecclesiastica,
1011 1159 1211 1224 quaecunque
1231 1141 1318 1223 ipsis
1341 1141 1477 1224 injuria

197 1236 440 1304 ablatafuerint.
525 1305 529 1316 ,

301 1339 446 1404 Oetenrm
471 1335 584 1401 iterare
609 1333 687 1402 mihi
712 1333 806 1399 bceat
831 1329 1054 1414 expressionem
1070 1329 1278 1395 venerationis
1303 1330 1471 1407 eximiae,

198 1445 330 1512 quacum
345 1440 507 1507 permaneo

756 1520 950 1586 Eminentius
965 1519 1094 1584 Vestrae
1109 1517 1421 1586 moerenoissimae

199 1632 333 1698 Viennae
349 1629 399 1695 die
416 1629 445 1693 6.
461 1625 599 1712 Augusti
616 1625 708 1690 1855.

720 1725 914 1792 humillimus
934 1726 965 1790 et
981 1724 1278 1808 obsequentissimus
1294 1744 1421 1792 servus

846 1812 880 1878 J.
899 1811 934 1878 0.
951 1812 989 1877 de
1005 1810 1171 1876 Ruoecber
1186 1831 1227 1876 m.
1244 1831 1276 1893 p.

650 1953 655 1984 ‚
746 1897 894 1980 Princeps
909 1897 1165 1980 archiepiscopus
1181 1897 1391 1965 Viennensis.

486 2000 739 2070 Eminentissimo
762 2019 797 2065 ao
819 2000 1086 2066 Reverendissimo
1109 2001 1240 2066 Domino
1263 2002 1415 2068 Domino

577 2087 733 2155 Michaele'
747 2086 781 2153 S.
798 2085 839 2153 R.
855 2087 898 2152 E.
915 2086 1085 2153 Gordiano·
1106 2087 1195 2153 Virde
1208 2087 1309 2153 Prelri

667 2173 864 2240 Pro-Nuntio
878 2173 1057 2256 Apostolico
1073 2175 1130 2240 etc.
1147 2175 1205 2238 etc.

197 2423 228 2488 2)
265 2417 345 2478 llice
363 2417 467 2476 literae
486 2411 626 2486 prlnclpls
649 2409 855 2484 archiepiscopi
873 2410 1040 2472 Viennensis
1063 2415 1098 2472 ad
1122 2414 1308 2473 Pronuntlunr
1331 2421 1452 2490 aposto-

437 2501 524 2561 lleuu
544 2497 720 2558 cardinalem
739 2497 818 2556 Viale
836 2495 916 2556 Preli
934 2497 959 2555 d.
979 2500 1008 2556 6.
1026 2500 1096 2572 lug.
1117 2501 1198 2557 1855.

198 2591 373 2652 (Biirgerliche
389 2587 583 2646 Verurtheilung
599 2586 667 2631 eines
689 2583 854 2631 Beneficiaten
877 2585 942 2631 zielrt
965 2585 1028 2631 noch
1051 2587 1119 2633 nicht
1140 2587 1239 2634 Verlust
1259 2587 1305 2635 des
1322 2591 1452 2638 Kirehen·

425 2669 503 2711 amtes
526 2663 591 2710 nach
607 2663 668 2721 sich,
686 2662 793 2710 sondern
809 2661 862 2708 dies
877 2662 909 2708 ist
926 2661 1004 2710 Sache
1021 2665 1064 2711 des
1079 2664 1213 2726 Bischor's.)

712 2740 807 2824 Copia
822 2741 877 2806 Nr.
895 2743 925 2806 2.

446 2845 695 2924 Eminentissime
711 2863 746 2910 ac
764 2844 1030 2910 Reverendissime
1045 2846 1189 2912 Domine!

621 2948 753 3014 Domine
777 2947 1016 3013 Colendissime!

301 3052 456 3136 Respectu
478 3072 594 3130 eorum,
617 3071 695 3136 quae
710 3051 889 3116 Eminentia
910 3051 1021 3118 Vestra
1038 3053 1304 3119 Reverendissima
1326 3057 1446 3125 litteris

202 3141 250 3206 19.
266 3139 346 3206 Julii
364 3139 446 3204 1854
462 3139 543 3204 datis
558 3139 707 3221 exposuit,
730 3138 876 3204 honorem
891 3138 999 3216 habeo,
1023 3139 1291 3206 observantissime
1304 3162 1444 3211 commu-

197 3227 310 3309 nicare,
326 3226 407 3309 quod
422 3225 572 3308 Majestas
584 3224 647 3289 Sua
655 3224 775 3308 Jndices
790 3225 916 3288 cunctos
932 3223 1052 3288 edoceri
1063 3225 1201 3308 jusserit,
1218 3246 1300 3306 casu,
1317 3247 1377 3312 quo
1394 3251 1443 3298 sa-

197 3312 303 3377 cerdos
319 3311 489 3376 catholicus
501 3311 538 3376 de
551 3310 678 3375 crimine
693 3311 826 3393 quodam
842 3309 926 3375 civili
942 3310 1161 3376 condemnatus
1184 3313 1235 3392 sit,
1251 3314 1316 3379 -hoc
1336 3316 1441 3398 ipsum

197 3398 282 3463 haud
308 3397 462 3462 involvere
492 3397 630 3481 ejusdem
656 3395 839 3461 abeneficio
870 3396 1077 3463 ecclesiastico
1111 3398 1347 3482 depositionem,
1377 3425 1439 3487 qua

199 3485 344 3550 effectum
371 3483 402 3548 vi
424 3483 503 3566 legis
519 3501 555 3549 er
566 3483 681 3567 judicis
704 3482 803 3547 civilis
819 3483 974 3548 sententia
989 3483 1188 3564 derivantem,
1212 3486 1265 3550 sed
1289 3487 1328 3551 ad
1349 3489 1436 3573 Epis-

199 3589 319 3653 copum,
343 3570 392 3633 cui
408 3569 629 3634 condemnatus
645 3568 755 3648 subsit,
771 3567 934 3651 pertinere,
958 3569 1099 3635 eumdem
1113 3589 1168 3654 pro
1195 3591 1227 3637 re
1249 3575 1323 3638 neta
1344 3595 1360 3640 a
1383 3577 1436 3642 be-

197 3656 307 3722 neficio
324 3655 474 3740 deponere
487 3674 541 3721 seu
556 3673 722 3720 removere.
1067 3701 1069 3706 -

302 3757 476 3843 Singularis
499 3758 593 3824 simul
615 3757 845 3838 observantiae,
875 3777 1074 3842 summaeque
1097 3762 1302 3826 venerationis
1332 3783 1431 3832 sensus

199 3864 351 3929 exponens
367 3865 531 3928 permaneo
1037 3866 1039 3870 ’
1215 3843 1217 3847 ’

760 3947 954 4014 Eminentiae
970 3949 1099 4016 Vestrae
1113 3949 1390 4020 Reverendissimae

198 4055 338 4120 Viennae
353 4053 402 4118 die
418 4054 448 4119 6.
464 4052 601 4137 Augusti
624 4052 716 4118 1855.

726 4157 920 4224 humillimus
936 4159 967 4222 et
982 4157 1275 4241 obsequentissimus
1290 4179 1386 4229 semus

853 4243 888 4312 J.
906 4243 942 4310 0.
958 4245 996 4309 de
1011 4243 1176 4310 Rcoecber
1190 4265 1231 4312 m.
1248 4267 1277 4330 p.

748 4329 896 4414 Princeps
910 4329 1166 4428 Archiepisoopus
1181 4331 1365 4401 Viennemis.

512 4431 763 4499 Eminentissimo
787 4452 822 4498 ac
836 4434 1101 4500 Reverendissimo
1118 4435 1249 4502 Domino
1264 4437 1383 4508 Domino

597 4517 753 4604 Michoeb'
767 4518 800 4585 S.
818 4519 858 4585 R.
875 4520 916 4586 E.
934 4518 1103 4586 Gardiuoli
1124 4519 1213 4588 Viotc
1226 4521 1322 4591 Preld

694 4604 890 4672 Pro-Nuntio
905 4605 1082 4689 Apostolico
1097 4607 1155 4673 etc.
1172 4609 1229 4674 etc.
