3068 5124
294 199 339 253 bie
356 211 426 253 nenn
444 199 566 266 Beilcgen
585 212 642 256 anm
659 202 750 254 osterr.
770 201 915 258 concordat
934 215 992 256 conr
1009 205 1087 260 lehre
1108 205 1181 258 1855.
1279 193 1352 270 455

157 425 158 430 ,
217 389 306 456 Haec
321 387 445 470 quidem
460 388 542 466 sunt,
565 406 644 470 quae
663 385 795 454 Sanctae
816 387 904 456 Sedis
924 390 1047 456 nomine
1070 391 1151 456 circa
1173 411 1209 458 ea
1230 409 1354 476 respon-

87 475 183 553 deo,
211 492 292 558 quae
319 474 358 538 ad
379 475 565 538 memoratas
589 473 788 538 celsitudinis
812 477 896 541 Tuae
918 476 1025 540 literas
1047 477 1238 556 referuntur,
1262 481 1354 563 atque

86 561 244 626 interim
258 559 472 626 sincerissimis
486 559 649 643 peculiaris
665 561 876 627 observantiae
892 561 1031 626 sensibus
1045 582 1208 645 permaneo

883 647 1085 713 Celsitudinis
1108 649 1193 714 Tuae
1214 651 1312 716 Rmae

220 731 360 797 Viennae
378 730 427 796 die
444 733 493 796 18.
510 731 645 816 Augusti
663 732 755 796 1855.

882 817 1183 900 Obsequentissimus
1206 839 1310 886 servus

903 904 952 968 M.
970 904 1066 970 Ocrd.
1087 905 1177 970 Viule
1190 907 1297 972 Proici.

763 985 939 1054 Celsissimo
962 991 994 1054 et
1015 991 1093 1055 Rmo
1116 991 1253 1075 Principi

720 1073 859 1154 Joscpbo
883 1074 1031 1142 Otbmuro
1054 1077 1092 1142 de
1113 1077 1290 1156 Rccscbcr,

702 1158 939 1244 Archiepiscopo
971 1161 1138 1227 Viennensi
1166 1164 1225 1228 etc.
1253 1165 1312 1229 etc.

583 1345 678 1429 Oopia
704 1347 744 1410 ad
773 1347 829 1412 Nr.
860 1349 910 1413 3.·

630 1433 665 1498 V.
688 1439 748 1498 art.
772 1433 844 1498 III.

223 1519 260 1584 In
281 1519 446 1586 Pontificia
467 1518 669 1584 insinuatione
692 1518 812 1583 dicetur
830 1518 999 1602 Episcopis,
1022 1520 1058 1584 ut
1080 1521 1185 1585 eodem
1208 1521 1354 1603 ternpore,

113 1625 151 1671 ac
180 1624 240 1670 sua
261 1606 463 1688 publicabunt
493 1607 580 1684 acta,
610 1620 714 1670 eorum
742 1605 896 1689 exemplar
925 1603 1080 1670 (iuternio
1102 1605 1230 1671 notitiae
1250 1624 1358 1671 caussa

111 1691 281 1757 transmitt
322 1693 346 1756 t.

224 1817 425 1926 Instructioni
450 1775 841 1940 Ρ311113133ῖ1113α3ν1ι3111ῗ
861 1862 898 1925 ut
928 1859 1071 1944 Episcopi
1099 1860 1289 1926 Guberninm
1319 1860 1357 1926 de

117 1947 252 2031 Synodis
274 1947 464 2011 celebrandis
490 1947 603 2010 certius
628 1947 775 2026 reddant,
807 1965 843 2012 ac
865 1947 965 2011 eidem
988 1947 1182 2012 decretorum
1204 1947 1358 2029 exemplar

118 2033 252 2098 notitiae
268 2051 376 2098 caussa
394 2033 630 2098 communicent.
917 2053 921 2070 .

404 2197 410 2202 ,
630 2119 664 2185 V.
688 2123 749 2184 ort.
776 2117 852 2184 VII.

225 2205 263 2268 In
282 2203 446 2270 Pontificia
469 2204 672 2270 instructione
693 2204 899 2270 monebantur
920 2203 1071 2286 Episcopi,
1094 2202 1217 2285 qnando
1236 2202 1356 2268 Guber-

124 2290 224 2368 nium,
246 2291 354 2373 utpote
376 2291 563 2356 catholicum
593 2293 625 2356 et
646 2291 740 2356 fidem
760 2289 969 2373 pietatemque
991 2289 1024 2352 in
1046 2288 1158 2354 scholis
1181 2307 1358 2370 promovere

124 2376 267 2453 studens,
295 2376 447 2441 desideria
475 2377 626 2461 quaedam
648 2375 686 2441 de
709 2375 913 2442 docendorum
934 2376 1034 2440 forma
1054 2374 1236 2439 methodove
1259 2375 1359 2438 mani·
1393 2407 1396 2412 ·

125 2461 233 2537 festet,
261 2479 364 2526 eorum
386 2463 538 2528 rationem
559 2457 732 2528 habendam
755 2480 820 2528 esse
847 2462 934 2526 salva
960 2479 1079 2544 semper
1104 2460 1250 2524 libertate
1268 2460 1358 2542 juris,

128 2545 206 2630 quod
220 2545 377 2630 Episcopis
391 2547 473 2612 inest
487 2549 587 2613 relate
602 2548 641 2612 ad
656 2547 838 2613 doctrinam.
872 2595 873 2598 ,

620 2635 655 2698 V.
678 2639 738 2699 ort.
767 2633 864 2699 VIII.

227 2718 434 2783 Monebuntur
455 2717 489 2783 in
503 2719 666 2782 Pontificia
681 2719 887 2784 Instructione
902 2717 1054 2801 Episcopi,
1079 2717 1115 2780 ut
1137 2715 1170 2780 in
1191 2717 1359 2800 seligendis

129 2803 222 2883 libris,
243 2804 297 2887 qui
311 2805 343 2868 in
358 2803 471 2870 scholis
485 2804 725 2870 elementaribus
746 2803 919 2869 inserviunt
940 2803 980 2867 ed
1000 2802 1186 2868 tradendum
1208 2803 1359 2867 catechis-

131 2909 227 2970 mum,
256 2891 451 2955 uniformitas
480 2892 634 2970 servetur,
664 2909 720 2954 nec
747 2889 825 2953 fiant
856 2889 1087 2954 immutationes
1118 2889 1233 2971 absque
1270 2888 1360 2972 gravi

132 2994 232 3041 caussa
248 2978 279 3042 et
295 2977 417 3042 collatis
432 2995 551 3060 semper
566 2976 646 3041 ictor
660 2994 694 3040 se
709 2975 852 3040 consiliis.

613 3062 648 3127 V.
671 3067 731 3126 ort.
756 3059 873 3126 XVII.

229 3148 265 3212 In
286 3148 451 3213 Pontificia
474 3147 676 3213 instructione
699 3147 819 3211 dicetur
840 3147 1013 3232 Episcopis,
1037 3145 1118 3229 quod
1141 3147 1263 3212 collatis
1286 3165 1357 3210 coc·
1464 3173 1467 3178 ·

135 3234 212 3299 siliis
226 3235 367 3299 statuant
381 3235 562 3300 methodum
578 3235 750 3299 studiorum
765 3232 798 3296 in
813 3232 991 3299 Seminariis
1007 3232 1237 3298 observandam.
1275 3232 1361 3315 (Pla-

137 3324 198 3384 ceat
218 3320 368 3402 quaedam
390 3321 501 3386 addere
523 3321 560 3386 de
584 3339 636 3399 eo,
661 3319 811 3402 quantum
831 3321 987 3386 Ecclesiae
1007 3317 1139 3396 11131311,
1162 3319 1199 3382 ut
1221 3318 1361 3384 omuibus

136 3407 241 3488 pateat,
264 3406 444 3472 libertatern
458 3407 616 3492 Episcopis
637 3407 670 3470 in
692 3404 804 3470 studiis
826 3407 968 3491 regendis
989 3405 1112 3488 partam
1134 3403 1221 3468 bonis
1244 3403 1362 3468 artibus

136 3493 336 3574 promovendis
358 3494 443 3558 haud
465 3491 582 3573 obesse,
609 3492 664 3558 sed
687 3491 888 3575 undequaque
903 3493 1054 3576 prodesse.
1099 3490 1218 3555 Revera
1239 3491 1296 3553 sub
1313 3489 1360 3567 iis,

138 3597 206 3658 quae
226 3578 260 3640 in
281 3578 410 3643 Austris
432 3580 583 3658 obtinent,
605 3597 709 3644 rerum
730 3575 894 3660 adjunctis,
916 3579 949 3644 id
971 3576 1126 3644 Ecclesiae
1145 3577 1240 3643 honor
1262 3575 1363 3640 salus·

139 3681 190 3744 que
220 3662 339 3746 exigit.)
394 3664 432 3728 ln
465 3666 549 3730 dicta
579 3663 781 3729 instructione
814 3664 1103 3730 commemorabitur
1136 3663 1247 3740 etiam,
1282 3661 1363 3744 quod

140 3747 270 3830 Episcopi
291 3749 323 3812 in
339 3748 510 3832 deligendis
528 3748 747 3832 professoribus
763 3767 817 3814 seu
838 3749 998 3834 magistris
1022 3747 1239 3812 antecedenter
1260 3747 1363 3828 requi-

140 3835 201 3898 rant
213 3835 351 3916 oporteat
368 3835 546 3916 certumque
561 3835 698 3912 teneant,
714 3833 820 3899 utrum
835 3834 1025 3900 (inbernium
1041 3833 1142 3915 quoad
1156 3851 1206 3898 133
1220 3833 1361 3916 politicas

141 3919 204 4002 quid
223 3921 328 3984 contra
348 3920 419 3984 illos
441 3920 564 3986 habeat.

608 4005 643 4070 V.
667 4011 729 4074 art.
754 4005 886 4072 XXIV.

228 4093 265 4156 In
287 4091 490 4157 instructione
505 4091 670 4157 Pontificia
687 4091 831 4177 Episcopi
852 4091 1068 4169 monebuntur,
1091 4090 1127 4154 11
1149 4088 1309 4173 parochias
1333 4089 1364 4153 et

144 4177 195 4242 alia
211 4177 359 4242 beneficia
382 4177 590 4244 ecclesiastica
612 4177 694 4242 haud
717 4178 876 4243 conferant
891 4178 964 4244 viris
978 4175 1139 4260 MaJestati
1158 4175 1237 4240 Suae
1259 4174 1363 4238 minus

145 4263 227 4346 gratis
253 4265 284 4328 et
312 4264 436 4346 quidem
462 4265 511 4329 his
543 4263 665 4330 circiter
690 4264 809 4330 verbis:
849 4263 1001 4344 Quoniam
1032 4261 1196 4328 dolendum
1219 4260 1285 4336 est,
1315 4261 1365 4324 his

145 4349 289 4432 postremis
310 4350 511 4433 temporibus·
522 4351 641 4434 aliquos
656 4367 758 4416 sacros
772 4350 940 4430 Ministros,
965 4349 1077 4416 oblitos
1096 4366 1169 4412 snae
1184 4345 1363 4423 vocationis,
1459 4351 1463 4360 '

146 4436 246 4518 partem
275 4437 444 4518 suscepisse
472 4437 505 4500 in
533 4438 623 4502 rebus
652 4435 787 4519 politicis
816 4438 847 4502 31
869 4437 1070 4520 praesertim,
1096 4433 1178 4516 qnod
1200 4431 1365 4498 dolendum

147 4521 243 4605 nugis,
266 4521 299 4588 in
320 4523 583 4605 perturbationem
605 4522 791 4607 reipublicae
813 4524 846 4590 31
867 4523 1003 4608 Imperii,
1021 4521 1095 4600 ,ideo
1118 4517 1304 4606 carendum,
1329 4519 1365 4586 11
