<?xml version="1.0" encoding="UTF-8"?>
<!DOCTYPE html PUBLIC "-//W3C//DTD XHTML 1.0 Transitional//EN"
    "http://www.w3.org/TR/xhtml1/DTD/xhtml1-transitional.dtd">
<html xmlns="http://www.w3.org/1999/xhtml" xml:lang="en" lang="en">
 <head>
  <title>
</title>
<meta http-equiv="Content-Type" content="text/html;charset=utf-8" />
  <meta name='ocr-system' content='tesseract 3.04.00' />
  <meta name='ocr-capabilities' content='ocr_page ocr_carea ocr_par ocr_line ocrx_word'/>
</head>
<body>
  <div class='ocr_page' id='page_1' title='image "./archivfrkatholi03jurigoog/archivfrkatholi03jurigoog_0288.png"; bbox 0 0 3170 5128; ppageno 0'>
   <div class='ocr_carea' id='block_1_1' title="bbox 205 248 1297 332">
    <p class='ocr_par' dir='ltr' id='par_1_1' title="bbox 205 248 1297 332">
     <span class='ocr_line' id='line_1_1' title="bbox 205 248 1297 332; baseline 0.005 -14"><span class='ocrx_word' id='word_1_1' title='bbox 205 248 281 326; x_wconf 81' lang='lat'><strong>282</strong></span> <span class='ocrx_word' id='word_1_2' title='bbox 342 265 479 320; x_wconf 66' lang='lat' dir='ltr'><strong>uuunder</strong></span> <span class='ocrx_word' id='word_1_3' title='bbox 497 278 544 320; x_wconf 84' lang='lat' dir='ltr'><strong>aar</strong></span> <span class='ocrx_word' id='word_1_4' title='bbox 561 267 721 332; x_wconf 81' lang='lat' dir='ltr'><strong>plpotllrben</strong></span> <span class='ocrx_word' id='word_1_5' title='bbox 739 265 907 322; x_wconf 73' lang='lat' dir='ltr'><strong>benkmbrin</strong></span> <span class='ocrx_word' id='word_1_6' title='bbox 925 279 984 320; x_wconf 89' lang='lat' dir='ltr'><strong>vom</strong></span> <span class='ocrx_word' id='word_1_7' title='bbox 1006 269 1043 321; x_wconf 78' lang='lat' dir='ltr'><strong>le.</strong></span> <span class='ocrx_word' id='word_1_8' title='bbox 1061 269 1206 324; x_wconf 77' lang='lat' dir='ltr'><strong>November</strong></span> <span class='ocrx_word' id='word_1_9' title='bbox 1227 273 1297 325; x_wconf 78' lang='lat' dir='ltr'><strong>leet.</strong></span> 
     </span>
    </p>
   </div>
   <div class='ocr_carea' id='block_1_2' title="bbox 204 451 1442 750">
    <p class='ocr_par' dir='ltr' id='par_1_2' title="bbox 204 451 1442 750">
     <span class='ocr_line' id='line_1_2' title="bbox 204 451 1440 540; baseline 0.002 -20"><span class='ocrx_word' id='word_1_10' title='bbox 204 451 344 520; x_wconf 80' lang='lat' dir='ltr'><strong>uidentes</strong></span> <span class='ocrx_word' id='word_1_11' title='bbox 361 451 545 534; x_wconf 78' lang='lat' dir='ltr'><strong>Justissimis</strong></span> <span class='ocrx_word' id='word_1_12' title='bbox 557 452 682 520; x_wconf 86' lang='lat' dir='ltr'><strong>Nostris</strong></span> <span class='ocrx_word' id='word_1_13' title='bbox 702 453 913 537; x_wconf 70' lang='lat' dir='ltr'><strong>petitionibus,</strong></span> <span class='ocrx_word' id='word_1_14' title='bbox 937 453 1194 538; x_wconf 86' lang='lat' dir='ltr'><strong>quemadmodum</strong></span> <span class='ocrx_word' id='word_1_15' title='bbox 1209 457 1440 540; x_wconf 85' lang='lat' dir='ltr'><strong>exoptabamus,</strong></span> 
     </span>
     <span class='ocr_line' id='line_1_3' title="bbox 205 554 1442 643; baseline 0.005 -23"><span class='ocrx_word' id='word_1_16' title='bbox 205 554 331 620; x_wconf 90' lang='lat' dir='ltr'><strong>minime</strong></span> <span class='ocrx_word' id='word_1_17' title='bbox 349 555 560 634; x_wconf 75' lang='lat' dir='ltr'><strong>obsecundari,</strong></span> <span class='ocrx_word' id='word_1_18' title='bbox 583 557 709 624; x_wconf 88' lang='lat' dir='ltr'><strong>ineunte</strong></span> <span class='ocrx_word' id='word_1_19' title='bbox 731 575 812 622; x_wconf 88' lang='lat' dir='ltr'><strong>anuo</strong></span> <span class='ocrx_word' id='word_1_20' title='bbox 834 559 917 624; x_wconf 88' lang='lat'>1859</span> <span class='ocrx_word' id='word_1_21' title='bbox 938 558 1124 624; x_wconf 76' lang='lat' dir='ltr'><strong>familiarem</strong></span> <span class='ocrx_word' id='word_1_22' title='bbox 1145 561 1292 625; x_wconf 86' lang='lat' dir='ltr'><strong>Nostram</strong></span> <span class='ocrx_word' id='word_1_23' title='bbox 1314 561 1442 643; x_wconf 81' lang='lat' dir='ltr'><strong>Episto-</strong></span> 
     </span>
     <span class='ocr_line' id='line_1_4' title="bbox 205 658 1441 750; baseline 0.005 -28"><span class='ocrx_word' id='word_1_24' title='bbox 205 659 269 724; x_wconf 88' lang='lat' dir='ltr'><strong>lum</strong></span> <span class='ocrx_word' id='word_1_25' title='bbox 290 658 329 722; x_wconf 90' lang='lat' dir='ltr'><strong>ad</strong></span> <span class='ocrx_word' id='word_1_26' title='bbox 344 658 486 724; x_wconf 88' lang='lat' dir='ltr'><strong>eumdem</strong></span> <span class='ocrx_word' id='word_1_27' title='bbox 500 660 720 743; x_wconf 79' lang='lat' dir='ltr'><strong>Imperatorem</strong></span> <span class='ocrx_word' id='word_1_28' title='bbox 735 661 885 741; x_wconf 89' lang='lat' dir='ltr'><strong>dedimus,</strong></span> <span class='ocrx_word' id='word_1_29' title='bbox 908 662 1034 745; x_wconf 89' lang='lat' dir='ltr'><strong>ejusque</strong></span> <span class='ocrx_word' id='word_1_30' title='bbox 1048 663 1214 746; x_wconf 87' lang='lat' dir='ltr'><strong>justitiam,</strong></span> <span class='ocrx_word' id='word_1_31' title='bbox 1238 664 1441 750; x_wconf 80' lang='lat' dir='ltr'><strong>aequitatem,</strong></span> 
     </span>
    </p>
   </div>
   <div class='ocr_carea' id='block_1_3' title="bbox 205 760 1569 846">
    <p class='ocr_par' dir='ltr' id='par_1_3' title="bbox 205 760 1569 846">
     <span class='ocr_line' id='line_1_5' title="bbox 205 760 1569 846; baseline 0.002 -18"><span class='ocrx_word' id='word_1_32' title='bbox 205 760 552 846; x_wconf 82' lang='lat' dir='ltr'><strong>magnanimitatemquo</strong></span> <span class='ocrx_word' id='word_1_33' title='bbox 577 763 794 843; x_wconf 83' lang='lat' dir='ltr'><strong>excitavimus,</strong></span> <span class='ocrx_word' id='word_1_34' title='bbox 828 764 1070 843; x_wconf 81' lang='lat' dir='ltr'><strong>obsecravimus,</strong></span> <span class='ocrx_word' id='word_1_35' title='bbox 1104 785 1140 830; x_wconf 87' lang='lat' dir='ltr'><strong>ao</strong></span> <span class='ocrx_word' id='word_1_36' title='bbox 1169 765 1262 831; x_wconf 80' lang='lat' dir='ltr'><strong>simod</strong></span> <span class='ocrx_word' id='word_1_37' title='bbox 1290 766 1443 831; x_wconf 65' lang='lat' dir='ltr'><strong>obmstati</strong></span> <span class='ocrx_word' id='word_1_38' title='bbox 1568 809 1569 814; x_wconf 20' lang='grc' dir='ltr'><strong>κ</strong></span> 
     </span>
    </p>
   </div>
   <div class='ocr_carea' id='block_1_4' title="bbox 204 863 1444 1468">
    <p class='ocr_par' dir='ltr' id='par_1_4' title="bbox 204 863 1444 1468">
     <span class='ocr_line' id='line_1_6' title="bbox 205 863 1443 948; baseline 0.002 -16"><span class='ocrx_word' id='word_1_39' title='bbox 205 882 312 932; x_wconf 84' lang='lat' dir='ltr'><strong>sumus</strong></span> <span class='ocrx_word' id='word_1_40' title='bbox 342 863 436 930; x_wconf 86' lang='lat' dir='ltr'><strong>fidem</strong></span> <span class='ocrx_word' id='word_1_41' title='bbox 462 864 500 930; x_wconf 89' lang='lat' dir='ltr'><strong>eb</strong></span> <span class='ocrx_word' id='word_1_42' title='bbox 533 865 599 948; x_wconf 86' lang='lat' dir='ltr'><strong>ipso</strong></span> <span class='ocrx_word' id='word_1_43' title='bbox 621 865 728 932; x_wconf 88' lang='lat' dir='ltr'><strong>datam</strong></span> <span class='ocrx_word' id='word_1_44' title='bbox 754 867 791 932; x_wconf 91' lang='lat' dir='ltr'><strong>do</strong></span> <span class='ocrx_word' id='word_1_45' title='bbox 824 867 993 933; x_wconf 89' lang='lat' dir='ltr'><strong>oatbolicae</strong></span> <span class='ocrx_word' id='word_1_46' title='bbox 1018 867 1173 934; x_wconf 74' lang='lat' dir='ltr'><strong>boolesiao</strong></span> <span class='ocrx_word' id='word_1_47' title='bbox 1200 870 1292 934; x_wconf 91' lang='lat' dir='ltr'><strong>rebus</strong></span> <span class='ocrx_word' id='word_1_48' title='bbox 1317 869 1349 932; x_wconf 91' lang='lat' dir='ltr'><strong>in</strong></span> <span class='ocrx_word' id='word_1_49' title='bbox 1383 885 1443 934; x_wconf 92' lang='lat' dir='ltr'><strong>sno</strong></span> 
     </span>
     <span class='ocr_line' id='line_1_7' title="bbox 205 967 1443 1056; baseline 0.002 -22"><span class='ocrx_word' id='word_1_50' title='bbox 205 967 385 1034; x_wconf 81' lang='lat' dir='ltr'><strong>Rrusiarum</strong></span> <span class='ocrx_word' id='word_1_51' title='bbox 406 967 544 1051; x_wconf 87' lang='lat' dir='ltr'><strong>imperio,</strong></span> <span class='ocrx_word' id='word_1_52' title='bbox 568 970 599 1034; x_wconf 90' lang='lat' dir='ltr'><strong>et</strong></span> <span class='ocrx_word' id='word_1_53' title='bbox 620 969 766 1036; x_wconf 89' lang='lat' dir='ltr'><strong>Poloniae</strong></span> <span class='ocrx_word' id='word_1_54' title='bbox 788 991 884 1056; x_wconf 81' lang='lat' dir='ltr'><strong>regno</strong></span> <span class='ocrx_word' id='word_1_55' title='bbox 906 989 1048 1055; x_wconf 91' lang='lat' dir='ltr'><strong>prospere</strong></span> <span class='ocrx_word' id='word_1_56' title='bbox 1070 972 1292 1054; x_wconf 77' lang='lat' dir='ltr'><strong>componendis.</strong></span> <span class='ocrx_word' id='word_1_57' title='bbox 1335 973 1443 1056; x_wconf 88' lang='lat' dir='ltr'><strong>Atque</strong></span> 
     </span>
     <span class='ocr_line' id='line_1_8' title="bbox 204 1070 1443 1159; baseline 0.005 -23"><span class='ocrx_word' id='word_1_58' title='bbox 204 1089 259 1156; x_wconf 85' lang='lat' dir='ltr'><strong>per</strong></span> <span class='ocrx_word' id='word_1_59' title='bbox 280 1070 421 1136; x_wconf 86' lang='lat' dir='ltr'><strong>eamdem</strong></span> <span class='ocrx_word' id='word_1_60' title='bbox 436 1071 605 1154; x_wconf 77' lang='lat' dir='ltr'><strong>Epistulam</strong></span> <span class='ocrx_word' id='word_1_61' title='bbox 632 1072 673 1138; x_wconf 88' lang='lat' dir='ltr'><strong>ab</strong></span> <span class='ocrx_word' id='word_1_62' title='bbox 698 1073 860 1157; x_wconf 82' lang='lat' dir='ltr'><strong>imperiali,</strong></span> <span class='ocrx_word' id='word_1_63' title='bbox 882 1075 1030 1159; x_wconf 77' lang='lat' dir='ltr'><strong>regioque</strong></span> <span class='ocrx_word' id='word_1_64' title='bbox 1054 1073 1224 1159; x_wconf 82' lang='lat' dir='ltr'><strong>Majestate</strong></span> <span class='ocrx_word' id='word_1_65' title='bbox 1242 1075 1304 1142; x_wconf 83' lang='lat' dir='ltr'><strong>Sua</strong></span> <span class='ocrx_word' id='word_1_66' title='bbox 1324 1076 1443 1142; x_wconf 89' lang='lat' dir='ltr'><strong>iterurn</strong></span> 
     </span>
     <span class='ocr_line' id='line_1_9' title="bbox 204 1174 1443 1260; baseline 0.005 -22"><span class='ocrx_word' id='word_1_67' title='bbox 204 1174 445 1258; x_wconf 82' lang='lat' dir='ltr'><strong>postulavimus,</strong></span> <span class='ocrx_word' id='word_1_68' title='bbox 479 1175 515 1240; x_wconf 88' lang='lat' dir='ltr'><strong>ut</strong></span> <span class='ocrx_word' id='word_1_69' title='bbox 540 1175 622 1258; x_wconf 88' lang='lat' dir='ltr'><strong>apud</strong></span> <span class='ocrx_word' id='word_1_70' title='bbox 654 1194 688 1242; x_wconf 88' lang='lat' dir='ltr'><strong>se</strong></span> <span class='ocrx_word' id='word_1_71' title='bbox 720 1177 886 1244; x_wconf 87' lang='lat' dir='ltr'><strong>admittere</strong></span> <span class='ocrx_word' id='word_1_72' title='bbox 911 1178 1007 1244; x_wconf 83' lang='lat' dir='ltr'><strong>vellet</strong></span> <span class='ocrx_word' id='word_1_73' title='bbox 1031 1177 1165 1260; x_wconf 86' lang='lat' dir='ltr'><strong>aliquem</strong></span> <span class='ocrx_word' id='word_1_74' title='bbox 1198 1179 1443 1246; x_wconf 84' lang='lat' dir='ltr'><strong>ecclesiasticum</strong></span> 
     </span>
     <span class='ocr_line' id='line_1_10' title="bbox 205 1275 1443 1364; baseline 0.003 -22"><span class='ocrx_word' id='word_1_75' title='bbox 205 1277 306 1342; x_wconf 80' lang='lat' dir='ltr'><strong>virum</strong></span> <span class='ocrx_word' id='word_1_76' title='bbox 321 1295 341 1340; x_wconf 92' lang='lat' dir='ltr'><strong>a</strong></span> <span class='ocrx_word' id='word_1_77' title='bbox 354 1275 451 1342; x_wconf 89' lang='lat' dir='ltr'><strong>Nobis</strong></span> <span class='ocrx_word' id='word_1_78' title='bbox 466 1277 609 1356; x_wconf 86' lang='lat' dir='ltr'><strong>electum,</strong></span> <span class='ocrx_word' id='word_1_79' title='bbox 633 1278 733 1361; x_wconf 90' lang='lat' dir='ltr'><strong>quiin</strong></span> <span class='ocrx_word' id='word_1_80' title='bbox 748 1281 812 1345; x_wconf 90' lang='lat' dir='ltr'><strong>suis</strong></span> <span class='ocrx_word' id='word_1_81' title='bbox 835 1279 979 1346; x_wconf 89' lang='lat' dir='ltr'><strong>dominiis</strong></span> <span class='ocrx_word' id='word_1_82' title='bbox 993 1280 1117 1358; x_wconf 88' lang='lat' dir='ltr'><strong>Nostro,</strong></span> <span class='ocrx_word' id='word_1_83' title='bbox 1141 1283 1173 1345; x_wconf 91' lang='lat' dir='ltr'><strong>et</strong></span> <span class='ocrx_word' id='word_1_84' title='bbox 1194 1281 1287 1364; x_wconf 89' lang='lat' dir='ltr'><strong>hujus</strong></span> <span class='ocrx_word' id='word_1_85' title='bbox 1306 1280 1336 1348; x_wconf 87' lang='lat' dir='ltr'><strong>S.</strong></span> <span class='ocrx_word' id='word_1_86' title='bbox 1351 1281 1443 1347; x_wconf 84' lang='lat' dir='ltr'><strong>Sedis</strong></span> 
     </span>
     <span class='ocr_line' id='line_1_11' title="bbox 206 1380 1444 1468; baseline 0.004 -24"><span class='ocrx_word' id='word_1_87' title='bbox 206 1380 328 1446; x_wconf 86' lang='lat' dir='ltr'><strong>nomine</strong></span> <span class='ocrx_word' id='word_1_88' title='bbox 343 1380 558 1446; x_wconf 73' lang='lat' dir='ltr'><strong>eecledastiois</strong></span> <span class='ocrx_word' id='word_1_89' title='bbox 572 1382 663 1448; x_wconf 91' lang='lat' dir='ltr'><strong>rebus</strong></span> <span class='ocrx_word' id='word_1_90' title='bbox 684 1402 809 1466; x_wconf 87' lang='lat' dir='ltr'><strong>operam</strong></span> <span class='ocrx_word' id='word_1_91' title='bbox 822 1385 960 1462; x_wconf 75' lang='lat' dir='ltr'><strong>naumet,</strong></span> <span class='ocrx_word' id='word_1_92' title='bbox 983 1383 1240 1466; x_wconf 87' lang='lat' dir='ltr'><strong>quomadmodum</strong></span> <span class='ocrx_word' id='word_1_93' title='bbox 1254 1403 1338 1463; x_wconf 88' lang='lat' dir='ltr'><strong>suus,</strong></span> <span class='ocrx_word' id='word_1_94' title='bbox 1358 1385 1444 1468; x_wconf 88' lang='lat' dir='ltr'><strong>apud</strong></span> 
     </span>
    </p>
   </div>
   <div class='ocr_carea' id='block_1_5' title="bbox 206 1483 1570 1676">
    <p class='ocr_par' dir='ltr' id='par_1_5' title="bbox 206 1483 1570 1676">
     <span class='ocr_line' id='line_1_12' title="bbox 206 1483 1444 1570; baseline 0.002 -20"><span class='ocrx_word' id='word_1_95' title='bbox 206 1483 281 1562; x_wconf 90' lang='lat' dir='ltr'><strong>Nos,</strong></span> <span class='ocrx_word' id='word_1_96' title='bbox 302 1485 335 1550; x_wconf 87' lang='lat' dir='ltr'><strong>et</strong></span> <span class='ocrx_word' id='word_1_97' title='bbox 349 1483 488 1550; x_wconf 88' lang='lat' dir='ltr'><strong>eamdem</strong></span> <span class='ocrx_word' id='word_1_98' title='bbox 506 1484 617 1552; x_wconf 83' lang='lat' dir='ltr'><strong>Sedern</strong></span> <span class='ocrx_word' id='word_1_99' title='bbox 631 1487 774 1552; x_wconf 82' lang='lat' dir='ltr'><strong>Minister</strong></span> <span class='ocrx_word' id='word_1_100' title='bbox 796 1488 905 1566; x_wconf 79' lang='lat' dir='ltr'><strong>adest,</strong></span> <span class='ocrx_word' id='word_1_101' title='bbox 916 1489 1012 1570; x_wconf 84' lang='lat' dir='ltr'><strong>utque</strong></span> <span class='ocrx_word' id='word_1_102' title='bbox 1034 1488 1194 1554; x_wconf 80' lang='lat' dir='ltr'><strong>catholicis</strong></span> <span class='ocrx_word' id='word_1_103' title='bbox 1216 1488 1276 1554; x_wconf 92' lang='lat' dir='ltr'><strong>sibi</strong></span> <span class='ocrx_word' id='word_1_104' title='bbox 1297 1487 1444 1568; x_wconf 89' lang='lat' dir='ltr'><strong>subditis,</strong></span> 
     </span>
     <span class='ocr_line' id='line_1_13' title="bbox 206 1588 1570 1676; baseline 0.002 -24"><span class='ocrx_word' id='word_1_105' title='bbox 206 1605 371 1670; x_wconf 79' lang='lat' dir='ltr'><strong>nonumque</strong></span> <span class='ocrx_word' id='word_1_106' title='bbox 395 1588 608 1670; x_wconf 79' lang='lat' dir='ltr'><strong>spiritualibus</strong></span> <span class='ocrx_word' id='word_1_107' title='bbox 636 1589 818 1674; x_wconf 81' lang='lat' dir='ltr'><strong>indigentiis</strong></span> <span class='ocrx_word' id='word_1_108' title='bbox 847 1609 902 1674; x_wconf 93' lang='lat' dir='ltr'><strong>pro</strong></span> <span class='ocrx_word' id='word_1_109' title='bbox 930 1591 1049 1656; x_wconf 82' lang='lat' dir='ltr'><strong>excelsa</strong></span> <span class='ocrx_word' id='word_1_110' title='bbox 1074 1591 1170 1656; x_wconf 87' lang='lat' dir='ltr'><strong>animi</strong></span> <span class='ocrx_word' id='word_1_111' title='bbox 1195 1592 1244 1656; x_wconf 88' lang='lat' dir='ltr'><strong>sui</strong></span> <span class='ocrx_word' id='word_1_112' title='bbox 1273 1593 1443 1676; x_wconf 87' lang='lat' dir='ltr'><strong>aequitate,</strong></span> <span class='ocrx_word' id='word_1_113' title='bbox 1569 1597 1570 1638; x_wconf 69' lang='lat'>³</span> 
     </span>
    </p>
   </div>
   <div class='ocr_carea' id='block_1_6' title="bbox 205 1691 1446 2192">
    <p class='ocr_par' dir='ltr' id='par_1_6' title="bbox 205 1691 1446 2192">
     <span class='ocr_line' id='line_1_14' title="bbox 206 1691 1445 1776; baseline 0.005 -20"><span class='ocrx_word' id='word_1_114' title='bbox 206 1691 338 1774; x_wconf 85' lang='lat' dir='ltr'><strong>benigne</strong></span> <span class='ocrx_word' id='word_1_115' title='bbox 359 1691 587 1758; x_wconf 65' lang='lat' dir='ltr'><strong>fauerewellet.</strong></span> <span class='ocrx_word' id='word_1_116' title='bbox 630 1693 716 1759; x_wconf 88' lang='lat' dir='ltr'><strong>Haeo</strong></span> <span class='ocrx_word' id='word_1_117' title='bbox 735 1695 932 1776; x_wconf 85' lang='lat' dir='ltr'><strong>praesertim,</strong></span> <span class='ocrx_word' id='word_1_118' title='bbox 955 1694 1147 1760; x_wconf 84' lang='lat' dir='ltr'><strong>Venerabilis</strong></span> <span class='ocrx_word' id='word_1_119' title='bbox 1171 1695 1298 1774; x_wconf 75' lang='lat' dir='ltr'><strong>Frater,</strong></span> <span class='ocrx_word' id='word_1_120' title='bbox 1321 1697 1445 1762; x_wconf 88' lang='lat' dir='ltr'><strong>utalia</strong></span> 
     </span>
     <span class='ocr_line' id='line_1_15' title="bbox 207 1795 1446 1881; baseline 0.004 -21"><span class='ocrx_word' id='word_1_121' title='bbox 207 1795 380 1874; x_wconf 83' lang='lat' dir='ltr'><strong>mittamus,</strong></span> <span class='ocrx_word' id='word_1_122' title='bbox 403 1796 486 1862; x_wconf 88' lang='lat' dir='ltr'><strong>onnni</strong></span> <span class='ocrx_word' id='word_1_123' title='bbox 507 1797 611 1864; x_wconf 86' lang='lat' dir='ltr'><strong>studio</strong></span> <span class='ocrx_word' id='word_1_124' title='bbox 626 1798 707 1881; x_wconf 89' lang='lat' dir='ltr'><strong>apud</strong></span> <span class='ocrx_word' id='word_1_125' title='bbox 722 1798 903 1864; x_wconf 87' lang='lat' dir='ltr'><strong>Russiarum</strong></span> <span class='ocrx_word' id='word_1_126' title='bbox 917 1798 1138 1881; x_wconf 84' lang='lat' dir='ltr'><strong>Imperatorem</strong></span> <span class='ocrx_word' id='word_1_127' title='bbox 1161 1799 1192 1863; x_wconf 89' lang='lat' dir='ltr'><strong>et</strong></span> <span class='ocrx_word' id='word_1_128' title='bbox 1213 1799 1358 1864; x_wconf 88' lang='lat' dir='ltr'><strong>Poloniae</strong></span> <span class='ocrx_word' id='word_1_129' title='bbox 1380 1801 1446 1865; x_wconf 79' lang='lat' dir='ltr'><strong>Ite·</strong></span> 
     </span>
     <span class='ocr_line' id='line_1_16' title="bbox 206 1899 1445 1986; baseline 0.004 -23"><span class='ocrx_word' id='word_1_130' title='bbox 206 1917 287 1982; x_wconf 76' lang='lat' dir='ltr'><strong>gem,</strong></span> <span class='ocrx_word' id='word_1_131' title='bbox 311 1899 438 1982; x_wconf 89' lang='lat' dir='ltr'><strong>ejusque</strong></span> <span class='ocrx_word' id='word_1_132' title='bbox 460 1900 644 1984; x_wconf 80' lang='lat' dir='ltr'><strong>gubernium</strong></span> <span class='ocrx_word' id='word_1_133' title='bbox 659 1901 834 1986; x_wconf 84' lang='lat' dir='ltr'><strong>peragenda</strong></span> <span class='ocrx_word' id='word_1_134' title='bbox 847 1901 1033 1977; x_wconf 84' lang='lat' dir='ltr'><strong>curarimus,</strong></span> <span class='ocrx_word' id='word_1_135' title='bbox 1055 1903 1091 1966; x_wconf 87' lang='lat' dir='ltr'><strong>ut</strong></span> <span class='ocrx_word' id='word_1_136' title='bbox 1106 1901 1213 1968; x_wconf 86' lang='lat' dir='ltr'><strong>fideles</strong></span> <span class='ocrx_word' id='word_1_137' title='bbox 1227 1901 1372 1968; x_wconf 88' lang='lat' dir='ltr'><strong>Poloniae</strong></span> <span class='ocrx_word' id='word_1_138' title='bbox 1387 1921 1445 1986; x_wconf 91' lang='lat' dir='ltr'><strong>po-</strong></span> 
     </span>
     <span class='ocr_line' id='line_1_17' title="bbox 205 2002 1446 2091; baseline 0.003 -23"><span class='ocrx_word' id='word_1_139' title='bbox 205 2002 271 2085; x_wconf 90' lang='lat' dir='ltr'><strong>puli</strong></span> <span class='ocrx_word' id='word_1_140' title='bbox 303 2003 488 2068; x_wconf 85' lang='lat' dir='ltr'><strong>catholicam</strong></span> <span class='ocrx_word' id='word_1_141' title='bbox 512 2005 713 2091; x_wconf 81' lang='lat' dir='ltr'><strong>Belegionom</strong></span> <span class='ocrx_word' id='word_1_142' title='bbox 745 2005 843 2070; x_wconf 90' lang='lat' dir='ltr'><strong>libore</strong></span> <span class='ocrx_word' id='word_1_143' title='bbox 870 2023 1025 2083; x_wconf 85' lang='lat' dir='ltr'><strong>exercere,</strong></span> <span class='ocrx_word' id='word_1_144' title='bbox 1058 2024 1095 2070; x_wconf 88' lang='lat' dir='ltr'><strong>ao</strong></span> <span class='ocrx_word' id='word_1_145' title='bbox 1121 2005 1220 2071; x_wconf 91' lang='lat' dir='ltr'><strong>denuo</strong></span> <span class='ocrx_word' id='word_1_146' title='bbox 1245 2006 1446 2088; x_wconf 87' lang='lat' dir='ltr'><strong>optatissima</strong></span> 
     </span>
     <span class='ocr_line' id='line_1_18' title="bbox 206 2103 1445 2192; baseline 0.003 -22"><span class='ocrx_word' id='word_1_147' title='bbox 206 2103 409 2172; x_wconf 86' lang='lat' dir='ltr'><strong>conscientiae</strong></span> <span class='ocrx_word' id='word_1_148' title='bbox 423 2125 498 2189; x_wconf 86' lang='lat' dir='ltr'><strong>pace</strong></span> <span class='ocrx_word' id='word_1_149' title='bbox 514 2107 546 2172; x_wconf 92' lang='lat' dir='ltr'><strong>et</strong></span> <span class='ocrx_word' id='word_1_150' title='bbox 560 2108 789 2191; x_wconf 77' lang='lat' dir='ltr'><strong>tranquillitate</strong></span> <span class='ocrx_word' id='word_1_151' title='bbox 802 2108 918 2192; x_wconf 80' lang='lat' dir='ltr'><strong>perbui</strong></span> <span class='ocrx_word' id='word_1_152' title='bbox 932 2109 1043 2192; x_wconf 85' lang='lat' dir='ltr'><strong>posset</strong></span> <span class='ocrx_word' id='word_1_153' title='bbox 1081 2109 1235 2174; x_wconf 72' lang='lat' dir='ltr'><strong>mmmm</strong></span> <span class='ocrx_word' id='word_1_154' title='bbox 1250 2109 1445 2189; x_wconf 82' lang='lat' dir='ltr'><strong>confidimus,</strong></span> 
     </span>
    </p>
   </div>
   <div class='ocr_carea' id='block_1_7' title="bbox 205 2208 1571 2504">
    <p class='ocr_par' dir='ltr' id='par_1_7' title="bbox 205 2208 1571 2504">
     <span class='ocr_line' id='line_1_19' title="bbox 206 2208 1445 2296; baseline 0.003 -22"><span class='ocrx_word' id='word_1_155' title='bbox 206 2209 242 2274; x_wconf 87' lang='lat' dir='ltr'><strong>ut</strong></span> <span class='ocrx_word' id='word_1_156' title='bbox 263 2208 346 2274; x_wconf 89' lang='lat' dir='ltr'><strong>idem</strong></span> <span class='ocrx_word' id='word_1_157' title='bbox 370 2211 583 2278; x_wconf 86' lang='lat' dir='ltr'><strong>serenissimus</strong></span> <span class='ocrx_word' id='word_1_158' title='bbox 608 2231 645 2278; x_wconf 89' lang='lat' dir='ltr'><strong>ac</strong></span> <span class='ocrx_word' id='word_1_159' title='bbox 669 2213 903 2296; x_wconf 84' lang='lat' dir='ltr'><strong>potentissimus</strong></span> <span class='ocrx_word' id='word_1_160' title='bbox 927 2213 1074 2296; x_wconf 86' lang='lat' dir='ltr'><strong>Princeps</strong></span> <span class='ocrx_word' id='word_1_161' title='bbox 1102 2213 1179 2278; x_wconf 88' lang='lat' dir='ltr'><strong>velit</strong></span> <span class='ocrx_word' id='word_1_162' title='bbox 1202 2214 1312 2296; x_wconf 89' lang='lat' dir='ltr'><strong>justis,</strong></span> <span class='ocrx_word' id='word_1_163' title='bbox 1335 2212 1445 2293; x_wconf 90' lang='lat' dir='ltr'><strong>eniris,</strong></span> 
     </span>
     <span class='ocr_line' id='line_1_20' title="bbox 205 2316 1571 2401; baseline 0.004 -21"><span class='ocrx_word' id='word_1_164' title='bbox 205 2316 386 2401; x_wconf 85' lang='lat' dir='ltr'><strong>iteratisque</strong></span> <span class='ocrx_word' id='word_1_165' title='bbox 411 2317 534 2383; x_wconf 86' lang='lat' dir='ltr'><strong>Nostris</strong></span> <span class='ocrx_word' id='word_1_166' title='bbox 559 2317 818 2401; x_wconf 87' lang='lat' dir='ltr'><strong>postulationibus</strong></span> <span class='ocrx_word' id='word_1_167' title='bbox 839 2317 982 2400; x_wconf 89' lang='lat' dir='ltr'><strong>obsequi,</strong></span> <span class='ocrx_word' id='word_1_168' title='bbox 1010 2317 1042 2382; x_wconf 90' lang='lat' dir='ltr'><strong>et</strong></span> <span class='ocrx_word' id='word_1_169' title='bbox 1066 2317 1148 2382; x_wconf 84' lang='lat' dir='ltr'><strong>uotis</strong></span> <span class='ocrx_word' id='word_1_170' title='bbox 1174 2321 1307 2383; x_wconf 88' lang='lat' dir='ltr'><strong>annuere</strong></span> <span class='ocrx_word' id='word_1_171' title='bbox 1332 2317 1447 2400; x_wconf 87' lang='lat' dir='ltr'><strong>quibus</strong></span> <span class='ocrx_word' id='word_1_172' title='bbox 1570 2317 1571 2320; x_wconf 70' lang='grc'>’</span> 
     </span>
     <span class='ocr_line' id='line_1_21' title="bbox 205 2420 1571 2504; baseline 0.002 -20"><span class='ocrx_word' id='word_1_173' title='bbox 205 2420 260 2487; x_wconf 88' lang='lat' dir='ltr'><strong>isti</strong></span> <span class='ocrx_word' id='word_1_174' title='bbox 291 2421 396 2486; x_wconf 87' lang='lat' dir='ltr'><strong>fideles</strong></span> <span class='ocrx_word' id='word_1_175' title='bbox 430 2423 534 2504; x_wconf 89' lang='lat' dir='ltr'><strong>populi</strong></span> <span class='ocrx_word' id='word_1_176' title='bbox 567 2422 666 2487; x_wconf 89' lang='lat' dir='ltr'><strong>eidem</strong></span> <span class='ocrx_word' id='word_1_177' title='bbox 699 2421 920 2504; x_wconf 85' lang='lat' dir='ltr'><strong>supplicarunt.</strong></span> <span class='ocrx_word' id='word_1_178' title='bbox 977 2421 1020 2486; x_wconf 91' lang='lat' dir='ltr'><strong>Ut</strong></span> <span class='ocrx_word' id='word_1_179' title='bbox 1042 2421 1154 2486; x_wconf 31' lang='lat' dir='ltr'><strong>,autern</strong></span> <span class='ocrx_word' id='word_1_180' title='bbox 1180 2439 1284 2486; x_wconf 88' lang='lat' dir='ltr'><strong>omnes</strong></span> <span class='ocrx_word' id='word_1_181' title='bbox 1310 2421 1447 2488; x_wconf 86' lang='lat' dir='ltr'><strong>Nostrae</strong></span> <span class='ocrx_word' id='word_1_182' title='bbox 1562 2455 1571 2465; x_wconf 87' lang='lat'><strong>·</strong></span> 
     </span>
    </p>
   </div>
   <div class='ocr_carea' id='block_1_8' title="bbox 206 2523 1447 2816">
    <p class='ocr_par' dir='ltr' id='par_1_8' title="bbox 206 2523 1447 2816">
     <span class='ocr_line' id='line_1_22' title="bbox 206 2523 1447 2609; baseline 0 -19"><span class='ocrx_word' id='word_1_183' title='bbox 206 2543 296 2590; x_wconf 87' lang='lat' dir='ltr'><strong>curae</strong></span> <span class='ocrx_word' id='word_1_184' title='bbox 312 2525 344 2590; x_wconf 88' lang='lat' dir='ltr'><strong>et</strong></span> <span class='ocrx_word' id='word_1_185' title='bbox 365 2525 587 2592; x_wconf 77' lang='lat' dir='ltr'><strong>sollicitudines</strong></span> <span class='ocrx_word' id='word_1_186' title='bbox 601 2525 742 2609; x_wconf 89' lang='lat' dir='ltr'><strong>optatum</strong></span> <span class='ocrx_word' id='word_1_187' title='bbox 757 2524 962 2608; x_wconf 88' lang='lat' dir='ltr'><strong>assequantur</strong></span> <span class='ocrx_word' id='word_1_188' title='bbox 978 2524 1106 2603; x_wconf 82' lang='lat' dir='ltr'><strong>exitum,</strong></span> <span class='ocrx_word' id='word_1_189' title='bbox 1127 2523 1259 2590; x_wconf 83' lang='lat' dir='ltr'><strong>assiduis</strong></span> <span class='ocrx_word' id='word_1_190' title='bbox 1274 2543 1310 2590; x_wconf 89' lang='lat' dir='ltr'><strong>ao</strong></span> <span class='ocrx_word' id='word_1_191' title='bbox 1324 2525 1447 2590; x_wconf 75' lang='lat' dir='ltr'><strong>derven-</strong></span> 
     </span>
     <span class='ocr_line' id='line_1_23' title="bbox 206 2627 1447 2712; baseline 0.002 -18"><span class='ocrx_word' id='word_1_192' title='bbox 206 2627 336 2704; x_wconf 81' lang='lat' dir='ltr'><strong>tissimis</strong></span> <span class='ocrx_word' id='word_1_193' title='bbox 358 2629 498 2712; x_wconf 83' lang='lat' dir='ltr'><strong>precibus</strong></span> <span class='ocrx_word' id='word_1_194' title='bbox 512 2629 614 2694; x_wconf 89' lang='lat' dir='ltr'><strong>Deum</strong></span> <span class='ocrx_word' id='word_1_195' title='bbox 629 2629 827 2712; x_wconf 86' lang='lat' dir='ltr'><strong>deprecemur</strong></span> <span class='ocrx_word' id='word_1_196' title='bbox 843 2629 965 2712; x_wconf 89' lang='lat' dir='ltr'><strong>oportet</strong></span> <span class='ocrx_word' id='word_1_197' title='bbox 986 2629 1019 2693; x_wconf 93' lang='lat' dir='ltr'><strong>in</strong></span> <span class='ocrx_word' id='word_1_198' title='bbox 1034 2629 1121 2712; x_wconf 87' lang='lat' dir='ltr'><strong>cujus</strong></span> <span class='ocrx_word' id='word_1_199' title='bbox 1142 2646 1238 2697; x_wconf 85' lang='lat' dir='ltr'><strong>manu</strong></span> <span class='ocrx_word' id='word_1_200' title='bbox 1260 2630 1334 2696; x_wconf 86' lang='lat' dir='ltr'><strong>sunt</strong></span> <span class='ocrx_word' id='word_1_201' title='bbox 1351 2628 1447 2696; x_wconf 89' lang='lat' dir='ltr'><strong>oorda</strong></span> 
     </span>
     <span class='ocr_line' id='line_1_24' title="bbox 206 2731 1446 2816; baseline 0 -18"><span class='ocrx_word' id='word_1_202' title='bbox 206 2734 337 2816; x_wconf 85' lang='lat' dir='ltr'><strong>Regum.</strong></span> <span class='ocrx_word' id='word_1_203' title='bbox 396 2732 463 2812; x_wconf 81' lang='lat' dir='ltr'><strong>Quo</strong></span> <span class='ocrx_word' id='word_1_204' title='bbox 488 2751 559 2798; x_wconf 86' lang='lat' dir='ltr'><strong>vero</strong></span> <span class='ocrx_word' id='word_1_205' title='bbox 591 2732 713 2798; x_wconf 81' lang='lat' dir='ltr'><strong>facilius</strong></span> <span class='ocrx_word' id='word_1_206' title='bbox 738 2733 823 2798; x_wconf 91' lang='lat' dir='ltr'><strong>Deus</strong></span> <span class='ocrx_word' id='word_1_207' title='bbox 856 2731 985 2798; x_wconf 88' lang='lat' dir='ltr'><strong>inclinet</strong></span> <span class='ocrx_word' id='word_1_208' title='bbox 1018 2751 1125 2797; x_wconf 88' lang='lat' dir='ltr'><strong>aurern</strong></span> <span class='ocrx_word' id='word_1_209' title='bbox 1150 2751 1239 2798; x_wconf 90' lang='lat' dir='ltr'><strong>suam</strong></span> <span class='ocrx_word' id='word_1_210' title='bbox 1264 2732 1304 2798; x_wconf 93' lang='lat' dir='ltr'><strong>ad</strong></span> <span class='ocrx_word' id='word_1_211' title='bbox 1328 2749 1446 2815; x_wconf 85' lang='lat' dir='ltr'><strong>preces,</strong></span> 
     </span>
    </p>
   </div>
   <div class='ocr_carea' id='block_1_9' title="bbox 207 2835 1572 3128">
    <p class='ocr_par' dir='ltr' id='par_1_9' title="bbox 207 2835 1572 3128">
     <span class='ocr_line' id='line_1_25' title="bbox 207 2835 1572 2934; baseline -0.003 -33"><span class='ocrx_word' id='word_1_212' title='bbox 207 2835 343 2919; x_wconf 90' lang='lat' dir='ltr'><strong>apprime</strong></span> <span class='ocrx_word' id='word_1_213' title='bbox 357 2835 467 2914; x_wconf 85' lang='lat' dir='ltr'><strong>noscis,</strong></span> <span class='ocrx_word' id='word_1_214' title='bbox 483 2836 675 2904; x_wconf 88' lang='lat' dir='ltr'><strong>Venerabilis</strong></span> <span class='ocrx_word' id='word_1_215' title='bbox 690 2837 810 2914; x_wconf 81' lang='lat' dir='ltr'><strong>Frater,</strong></span> <span class='ocrx_word' id='word_1_216' title='bbox 832 2855 909 2918; x_wconf 92' lang='lat' dir='ltr'><strong>opus</strong></span> <span class='ocrx_word' id='word_1_217' title='bbox 935 2854 1002 2901; x_wconf 90' lang='lat' dir='ltr'><strong>esse</strong></span> <span class='ocrx_word' id='word_1_218' title='bbox 1025 2837 1062 2900; x_wconf 92' lang='lat' dir='ltr'><strong>nt</strong></span> <span class='ocrx_word' id='word_1_219' title='bbox 1088 2835 1194 2900; x_wconf 81' lang='lat' dir='ltr'><strong>fideles</strong></span> <span class='ocrx_word' id='word_1_220' title='bbox 1216 2836 1321 2920; x_wconf 87' lang='lat' dir='ltr'><strong>populi</strong></span> <span class='ocrx_word' id='word_1_221' title='bbox 1342 2835 1448 2901; x_wconf 87' lang='lat' dir='ltr'><strong>omnia</strong></span> <span class='ocrx_word' id='word_1_222' title='bbox 1571 2877 1572 2934; x_wconf 66' lang='lat'><em>3</em></span> 
     </span>
     <span class='ocr_line' id='line_1_26' title="bbox 207 2938 1572 3040; baseline -0.001 -36"><span class='ocrx_word' id='word_1_223' title='bbox 207 2938 304 3022; x_wconf 90' lang='lat' dir='ltr'><strong>ipsius</strong></span> <span class='ocrx_word' id='word_1_224' title='bbox 317 2939 377 3005; x_wconf 89' lang='lat' dir='ltr'><strong>Dei</strong></span> <span class='ocrx_word' id='word_1_225' title='bbox 390 2940 540 3007; x_wconf 87' lang='lat' dir='ltr'><strong>mandata</strong></span> <span class='ocrx_word' id='word_1_226' title='bbox 553 2940 697 3027; x_wconf 83' lang='lat' dir='ltr'><strong>religiose</strong></span> <span class='ocrx_word' id='word_1_227' title='bbox 713 2940 900 3018; x_wconf 85' lang='lat' dir='ltr'><strong>custodiant,</strong></span> <span class='ocrx_word' id='word_1_228' title='bbox 923 2957 1086 3022; x_wconf 85' lang='lat' dir='ltr'><strong>omnesque</strong></span> <span class='ocrx_word' id='word_1_229' title='bbox 1107 2939 1291 3004; x_wconf 86' lang='lat' dir='ltr'><strong>christianas</strong></span> <span class='ocrx_word' id='word_1_230' title='bbox 1312 2939 1447 3006; x_wconf 74' lang='lat' dir='ltr'><strong>moute</strong></span> <span class='ocrx_word' id='word_1_231' title='bbox 1571 2949 1572 3040; x_wconf 57' lang='lat' dir='ltr'><strong>l</strong></span> 
     </span>
     <span class='ocr_line' id='line_1_27' title="bbox 208 3041 1572 3128; baseline -0.001 -20"><span class='ocrx_word' id='word_1_232' title='bbox 208 3042 314 3108; x_wconf 89' lang='lat' dir='ltr'><strong>sedulo</strong></span> <span class='ocrx_word' id='word_1_233' title='bbox 336 3045 512 3124; x_wconf 86' lang='lat' dir='ltr'><strong>exerceant,</strong></span> <span class='ocrx_word' id='word_1_234' title='bbox 542 3047 636 3128; x_wconf 87' lang='lat' dir='ltr'><strong>atque</strong></span> <span class='ocrx_word' id='word_1_235' title='bbox 658 3045 759 3111; x_wconf 85' lang='lat' dir='ltr'><strong>abiis</strong></span> <span class='ocrx_word' id='word_1_236' title='bbox 781 3044 921 3110; x_wconf 91' lang='lat' dir='ltr'><strong>omnibus</strong></span> <span class='ocrx_word' id='word_1_237' title='bbox 944 3041 1181 3127; x_wconf 88' lang='lat' dir='ltr'><strong>diligentissimo</strong></span> <span class='ocrx_word' id='word_1_238' title='bbox 1204 3061 1236 3108; x_wconf 91' lang='lat' dir='ltr'><strong>so</strong></span> <span class='ocrx_word' id='word_1_239' title='bbox 1259 3044 1446 3123; x_wconf 84' lang='lat' dir='ltr'><strong>abstineant,</strong></span> <span class='ocrx_word' id='word_1_240' title='bbox 1571 3047 1572 3080; x_wconf 58' lang='lat'>³</span> 
     </span>
    </p>
   </div>
   <div class='ocr_carea' id='block_1_10' title="bbox 207 3146 1449 4676">
    <p class='ocr_par' dir='ltr' id='par_1_10' title="bbox 207 3146 1449 4676">
     <span class='ocr_line' id='line_1_28' title="bbox 209 3146 1447 3233; baseline 0.001 -21"><span class='ocrx_word' id='word_1_241' title='bbox 209 3167 287 3231; x_wconf 90' lang='lat' dir='ltr'><strong>quae</strong></span> <span class='ocrx_word' id='word_1_242' title='bbox 306 3147 435 3232; x_wconf 91' lang='lat' dir='ltr'><strong>populos</strong></span> <span class='ocrx_word' id='word_1_243' title='bbox 459 3148 541 3233; x_wconf 91' lang='lat' dir='ltr'><strong>ipsos</strong></span> <span class='ocrx_word' id='word_1_244' title='bbox 566 3150 695 3215; x_wconf 86' lang='lat' dir='ltr'><strong>miseros</strong></span> <span class='ocrx_word' id='word_1_245' title='bbox 719 3147 862 3226; x_wconf 87' lang='lat' dir='ltr'><strong>reddunt,</strong></span> <span class='ocrx_word' id='word_1_246' title='bbox 886 3149 918 3213; x_wconf 90' lang='lat' dir='ltr'><strong>et</strong></span> <span class='ocrx_word' id='word_1_247' title='bbox 942 3146 1116 3229; x_wconf 91' lang='lat' dir='ltr'><strong>impediunt</strong></span> <span class='ocrx_word' id='word_1_248' title='bbox 1137 3147 1299 3229; x_wconf 88' lang='lat' dir='ltr'><strong>quominus</strong></span> <span class='ocrx_word' id='word_1_249' title='bbox 1325 3147 1447 3214; x_wconf 90' lang='lat' dir='ltr'><strong>divinae</strong></span> 
     </span>
     <span class='ocr_line' id='line_1_29' title="bbox 208 3249 1447 3338; baseline -0.002 -20"><span class='ocrx_word' id='word_1_250' title='bbox 208 3251 435 3318; x_wconf 85' lang='lat' dir='ltr'><strong>misericordiae</strong></span> <span class='ocrx_word' id='word_1_251' title='bbox 455 3253 603 3319; x_wconf 85' lang='lat' dir='ltr'><strong>beneficia</strong></span> <span class='ocrx_word' id='word_1_252' title='bbox 618 3271 709 3338; x_wconf 87' lang='lat' dir='ltr'><strong>super</strong></span> <span class='ocrx_word' id='word_1_253' title='bbox 723 3253 792 3317; x_wconf 91' lang='lat' dir='ltr'><strong>illos</strong></span> <span class='ocrx_word' id='word_1_254' title='bbox 815 3250 1011 3317; x_wconf 86' lang='lat' dir='ltr'><strong>descendant.</strong></span> <span class='ocrx_word' id='word_1_255' title='bbox 1056 3250 1159 3332; x_wconf 87' lang='lat' dir='ltr'><strong>Atque</strong></span> <span class='ocrx_word' id='word_1_256' title='bbox 1178 3250 1230 3315; x_wconf 90' lang='lat' dir='ltr'><strong>bio</strong></span> <span class='ocrx_word' id='word_1_257' title='bbox 1250 3249 1447 3334; x_wconf 78' lang='lat' dir='ltr'><strong>potissimum</strong></span> 
     </span>
     <span class='ocr_line' id='line_1_30' title="bbox 207 3351 1448 3439; baseline 0 -19"><span class='ocrx_word' id='word_1_258' title='bbox 207 3355 361 3439; x_wconf 88' lang='lat' dir='ltr'><strong>loquimur</strong></span> <span class='ocrx_word' id='word_1_259' title='bbox 382 3355 421 3420; x_wconf 91' lang='lat' dir='ltr'><strong>de</strong></span> <span class='ocrx_word' id='word_1_260' title='bbox 446 3357 543 3422; x_wconf 87' lang='lat' dir='ltr'><strong>nimie</strong></span> <span class='ocrx_word' id='word_1_261' title='bbox 570 3356 625 3421; x_wconf 88' lang='lat' dir='ltr'><strong>illa</strong></span> <span class='ocrx_word' id='word_1_262' title='bbox 655 3354 801 3420; x_wconf 86' lang='lat' dir='ltr'><strong>abusione</strong></span> <span class='ocrx_word' id='word_1_263' title='bbox 821 3371 899 3436; x_wconf 89' lang='lat' dir='ltr'><strong>quae</strong></span> <span class='ocrx_word' id='word_1_264' title='bbox 920 3353 1013 3436; x_wconf 89' lang='lat' dir='ltr'><strong>hujus</strong></span> <span class='ocrx_word' id='word_1_265' title='bbox 1036 3351 1065 3418; x_wconf 83' lang='lat' dir='ltr'><strong>S.</strong></span> <span class='ocrx_word' id='word_1_266' title='bbox 1086 3353 1174 3418; x_wconf 86' lang='lat' dir='ltr'><strong>Sedis</strong></span> <span class='ocrx_word' id='word_1_267' title='bbox 1195 3353 1392 3438; x_wconf 80' lang='lat' dir='ltr'><strong>vigilantiam</strong></span> <span class='ocrx_word' id='word_1_268' title='bbox 1414 3355 1448 3420; x_wconf 90' lang='lat' dir='ltr'><strong>et</strong></span> 
     </span>
     <span class='ocr_line' id='line_1_31' title="bbox 209 3455 1447 3545; baseline 0.002 -23"><span class='ocrx_word' id='word_1_269' title='bbox 209 3458 445 3524; x_wconf 88' lang='lat' dir='ltr'><strong>solbcitudinem</strong></span> <span class='ocrx_word' id='word_1_270' title='bbox 466 3477 541 3544; x_wconf 86' lang='lat' dir='ltr'><strong>erga</strong></span> <span class='ocrx_word' id='word_1_271' title='bbox 562 3460 693 3525; x_wconf 87' lang='lat' dir='ltr'><strong>Polonoe</strong></span> <span class='ocrx_word' id='word_1_272' title='bbox 715 3475 834 3539; x_wconf 87' lang='lat' dir='ltr'><strong>semper</strong></span> <span class='ocrx_word' id='word_1_273' title='bbox 856 3455 1012 3534; x_wconf 82' lang='lat' dir='ltr'><strong>excitavit,</strong></span> <span class='ocrx_word' id='word_1_274' title='bbox 1035 3455 1154 3521; x_wconf 83' lang='lat' dir='ltr'><strong>seilicet</strong></span> <span class='ocrx_word' id='word_1_275' title='bbox 1175 3457 1213 3545; x_wconf 86' lang='lat' dir='ltr'><strong>de</strong></span> <span class='ocrx_word' id='word_1_276' title='bbox 1235 3458 1447 3542; x_wconf 86' lang='lat' dir='ltr'><strong>frequentibus</strong></span> 
     </span>
     <span class='ocr_line' id='line_1_32' title="bbox 208 3557 1447 3644; baseline 0 -18"><span class='ocrx_word' id='word_1_277' title='bbox 208 3561 474 3627; x_wconf 87' lang='lat' dir='ltr'><strong>matrimoniorum</strong></span> <span class='ocrx_word' id='word_1_278' title='bbox 507 3562 664 3641; x_wconf 87' lang='lat' dir='ltr'><strong>divortiis,</strong></span> <span class='ocrx_word' id='word_1_279' title='bbox 698 3577 776 3642; x_wconf 92' lang='lat' dir='ltr'><strong>quae</strong></span> <span class='ocrx_word' id='word_1_280' title='bbox 807 3558 840 3622; x_wconf 93' lang='lat' dir='ltr'><strong>in</strong></span> <span class='ocrx_word' id='word_1_281' title='bbox 865 3557 1011 3624; x_wconf 90' lang='lat' dir='ltr'><strong>Poloniae</strong></span> <span class='ocrx_word' id='word_1_282' title='bbox 1037 3559 1215 3644; x_wconf 83' lang='lat' dir='ltr'><strong>regionibus</strong></span> <span class='ocrx_word' id='word_1_283' title='bbox 1246 3563 1354 3627; x_wconf 83' lang='lat' dir='ltr'><strong>oontm</strong></span> <span class='ocrx_word' id='word_1_284' title='bbox 1378 3561 1447 3642; x_wconf 89' lang='lat' dir='ltr'><strong>Dei,</strong></span> 
     </span>
     <span class='ocr_line' id='line_1_33' title="bbox 209 3661 1448 3750; baseline -0.001 -19"><span class='ocrx_word' id='word_1_285' title='bbox 209 3665 335 3750; x_wconf 86' lang='lat' dir='ltr'><strong>ejusque</strong></span> <span class='ocrx_word' id='word_1_286' title='bbox 359 3666 486 3732; x_wconf 87' lang='lat' dir='ltr'><strong>sanctae</strong></span> <span class='ocrx_word' id='word_1_287' title='bbox 511 3665 657 3732; x_wconf 89' lang='lat' dir='ltr'><strong>ecclesiae</strong></span> <span class='ocrx_word' id='word_1_288' title='bbox 682 3663 767 3746; x_wconf 85' lang='lat' dir='ltr'><strong>leges</strong></span> <span class='ocrx_word' id='word_1_289' title='bbox 797 3661 868 3744; x_wconf 89' lang='lat' dir='ltr'><strong>plus</strong></span> <span class='ocrx_word' id='word_1_290' title='bbox 895 3662 1034 3728; x_wconf 87' lang='lat' dir='ltr'><strong>minusve</strong></span> <span class='ocrx_word' id='word_1_291' title='bbox 1060 3683 1180 3747; x_wconf 90' lang='lat' dir='ltr'><strong>semper</strong></span> <span class='ocrx_word' id='word_1_292' title='bbox 1204 3665 1328 3748; x_wconf 86' lang='lat' dir='ltr'><strong>patrata</strong></span> <span class='ocrx_word' id='word_1_293' title='bbox 1353 3665 1448 3730; x_wconf 83' lang='lat' dir='ltr'><strong>fuere.</strong></span> 
     </span>
     <span class='ocr_line' id='line_1_34' title="bbox 208 3763 1449 3848; baseline 0 -16"><span class='ocrx_word' id='word_1_294' title='bbox 208 3767 359 3848; x_wconf 78' lang='lat' dir='ltr'><strong>Quocirca</strong></span> <span class='ocrx_word' id='word_1_295' title='bbox 372 3768 405 3832; x_wconf 91' lang='lat' dir='ltr'><strong>in</strong></span> <span class='ocrx_word' id='word_1_296' title='bbox 419 3769 602 3834; x_wconf 89' lang='lat' dir='ltr'><strong>memoriam</strong></span> <span class='ocrx_word' id='word_1_297' title='bbox 622 3765 800 3831; x_wconf 87' lang='lat' dir='ltr'><strong>revocantes</strong></span> <span class='ocrx_word' id='word_1_298' title='bbox 820 3763 1006 3830; x_wconf 90' lang='lat' dir='ltr'><strong>immortalis</strong></span> <span class='ocrx_word' id='word_1_299' title='bbox 1029 3765 1196 3832; x_wconf 71' lang='lat' dir='ltr'><strong>deomsoris</strong></span> <span class='ocrx_word' id='word_1_300' title='bbox 1218 3766 1326 3832; x_wconf 88' lang='lat' dir='ltr'><strong>Nostri</strong></span> <span class='ocrx_word' id='word_1_301' title='bbox 1348 3767 1449 3832; x_wconf 92' lang='lat' dir='ltr'><strong>Bene·</strong></span> 
     </span>
     <span class='ocr_line' id='line_1_35' title="bbox 208 3866 1447 3951; baseline 0.001 -17"><span class='ocrx_word' id='word_1_302' title='bbox 208 3869 285 3934; x_wconf 85' lang='lat' dir='ltr'><strong>dicti</strong></span> <span class='ocrx_word' id='word_1_303' title='bbox 298 3869 383 3936; x_wconf 88' lang='lat' dir='ltr'><strong>XIV.</strong></span> <span class='ocrx_word' id='word_1_304' title='bbox 407 3869 650 3936; x_wconf 79' lang='lat' dir='ltr'><strong>Constitutiones</strong></span> <span class='ocrx_word' id='word_1_305' title='bbox 667 3866 894 3931; x_wconf 76' lang='lat' dir='ltr'><strong>»Matrimonii</strong></span> <span class='ocrx_word' id='word_1_306' title='bbox 902 3875 1107 3950; x_wconf 73' lang='lat' dir='ltr'><strong>perpetuare«</strong></span> <span class='ocrx_word' id='word_1_307' title='bbox 1133 3869 1183 3936; x_wconf 91' lang='lat' dir='ltr'><strong>die</strong></span> <span class='ocrx_word' id='word_1_308' title='bbox 1200 3871 1249 3934; x_wconf 87' lang='lat'><strong>11.</strong></span> <span class='ocrx_word' id='word_1_309' title='bbox 1265 3868 1382 3951; x_wconf 87' lang='lat' dir='ltr'><strong>Aprilis</strong></span> <span class='ocrx_word' id='word_1_310' title='bbox 1398 3887 1447 3935; x_wconf 92' lang='lat' dir='ltr'><strong>an.</strong></span> 
     </span>
     <span class='ocr_line' id='line_1_36' title="bbox 211 3968 1448 4056; baseline -0.003 -18"><span class='ocrx_word' id='word_1_311' title='bbox 211 3972 310 4039; x_wconf 79' lang='lat'>1741:</span> <span class='ocrx_word' id='word_1_312' title='bbox 344 3973 377 4038; x_wconf 91' lang='lat' dir='ltr'><strong>et</strong></span> <span class='ocrx_word' id='word_1_313' title='bbox 404 3997 420 4033; x_wconf 83' lang='lat'><strong>›</strong></span> <span class='ocrx_word' id='word_1_314' title='bbox 456 3973 568 4038; x_wconf 60' lang='lat' dir='ltr'><strong>cadom</strong></span> <span class='ocrx_word' id='word_1_315' title='bbox 593 3968 769 4035; x_wconf 75' lang='lat' dir='ltr'><strong>licentium«</strong></span> <span class='ocrx_word' id='word_1_316' title='bbox 799 3968 849 4035; x_wconf 89' lang='lat' dir='ltr'><strong>die</strong></span> <span class='ocrx_word' id='word_1_317' title='bbox 877 3970 926 4036; x_wconf 88' lang='grc'><strong>18.</strong></span> <span class='ocrx_word' id='word_1_318' title='bbox 953 3971 1032 4056; x_wconf 78' lang='lat' dir='ltr'><strong>Maji</strong></span> <span class='ocrx_word' id='word_1_319' title='bbox 1057 3991 1106 4037; x_wconf 90' lang='lat' dir='ltr'><strong>an.</strong></span> <span class='ocrx_word' id='word_1_320' title='bbox 1135 3973 1219 4036; x_wconf 86' lang='grc'><strong>1743</strong></span> <span class='ocrx_word' id='word_1_321' title='bbox 1243 3971 1283 4034; x_wconf 90' lang='lat' dir='ltr'><strong>ad</strong></span> <span class='ocrx_word' id='word_1_322' title='bbox 1301 3969 1448 4034; x_wconf 87' lang='lat' dir='ltr'><strong>Poloniae</strong></span> 
     </span>
     <span class='ocr_line' id='line_1_37' title="bbox 208 4071 1446 4162; baseline -0.004 -20"><span class='ocrx_word' id='word_1_323' title='bbox 208 4075 363 4162; x_wconf 86' lang='lat' dir='ltr'><strong>episcopos</strong></span> <span class='ocrx_word' id='word_1_324' title='bbox 385 4075 484 4153; x_wconf 86' lang='lat' dir='ltr'><strong>datae,</strong></span> <span class='ocrx_word' id='word_1_325' title='bbox 506 4074 565 4138; x_wconf 86' lang='lat' dir='ltr'><strong>bac</strong></span> <span class='ocrx_word' id='word_1_326' title='bbox 579 4071 695 4137; x_wconf 87' lang='lat' dir='ltr'><strong>Nostra</strong></span> <span class='ocrx_word' id='word_1_327' title='bbox 720 4071 849 4155; x_wconf 90' lang='lat' dir='ltr'><strong>epistola</strong></span> <span class='ocrx_word' id='word_1_328' title='bbox 874 4091 978 4140; x_wconf 87' lang='lat' dir='ltr'><strong>omnes</strong></span> <span class='ocrx_word' id='word_1_329' title='bbox 1003 4073 1111 4140; x_wconf 84' lang='lat' dir='ltr'><strong>fideles</strong></span> <span class='ocrx_word' id='word_1_330' title='bbox 1133 4073 1262 4137; x_wconf 90' lang='lat' dir='ltr'><strong>Polonos</strong></span> <span class='ocrx_word' id='word_1_331' title='bbox 1284 4087 1446 4153; x_wconf 84' lang='lat' dir='ltr'><strong>rogamus,</strong></span> 
     </span>
     <span class='ocr_line' id='line_1_38' title="bbox 208 4173 1447 4258; baseline -0.002 -13"><span class='ocrx_word' id='word_1_332' title='bbox 208 4197 366 4246; x_wconf 88' lang='lat' dir='ltr'><strong>monemus</strong></span> <span class='ocrx_word' id='word_1_333' title='bbox 388 4179 425 4242; x_wconf 87' lang='lat' dir='ltr'><strong>et</strong></span> <span class='ocrx_word' id='word_1_334' title='bbox 435 4177 604 4253; x_wconf 88' lang='lat' dir='ltr'><strong>hortamur,</strong></span> <span class='ocrx_word' id='word_1_335' title='bbox 619 4175 656 4239; x_wconf 92' lang='lat' dir='ltr'><strong>ut</strong></span> <span class='ocrx_word' id='word_1_336' title='bbox 670 4177 846 4258; x_wconf 86' lang='lat' dir='ltr'><strong>apostolicis</strong></span> <span class='ocrx_word' id='word_1_337' title='bbox 860 4178 984 4244; x_wconf 87' lang='lat' dir='ltr'><strong>Nostris</strong></span> <span class='ocrx_word' id='word_1_338' title='bbox 998 4177 1123 4244; x_wconf 85' lang='lat' dir='ltr'><strong>vocibus</strong></span> <span class='ocrx_word' id='word_1_339' title='bbox 1137 4173 1388 4256; x_wconf 85' lang='lat' dir='ltr'><strong>obtemperantes</strong></span> <span class='ocrx_word' id='word_1_340' title='bbox 1408 4177 1447 4242; x_wconf 90' lang='lat' dir='ltr'><strong>ab</strong></span> 
     </span>
     <span class='ocr_line' id='line_1_39' title="bbox 209 4276 1448 4367; baseline -0.002 -20"><span class='ocrx_word' id='word_1_341' title='bbox 209 4279 387 4367; x_wconf 89' lang='lat' dir='ltr'><strong>hujusmodi</strong></span> <span class='ocrx_word' id='word_1_342' title='bbox 412 4277 616 4344; x_wconf 85' lang='lat' dir='ltr'><strong>abominanda</strong></span> <span class='ocrx_word' id='word_1_343' title='bbox 644 4295 717 4344; x_wconf 87' lang='lat' dir='ltr'><strong>sane</strong></span> <span class='ocrx_word' id='word_1_344' title='bbox 743 4298 777 4345; x_wconf 90' lang='lat' dir='ltr'><strong>re</strong></span> <span class='ocrx_word' id='word_1_345' title='bbox 801 4281 835 4346; x_wconf 93' lang='lat' dir='ltr'><strong>in</strong></span> <span class='ocrx_word' id='word_1_346' title='bbox 859 4283 1016 4366; x_wconf 88' lang='lat' dir='ltr'><strong>posterum</strong></span> <span class='ocrx_word' id='word_1_347' title='bbox 1042 4276 1278 4364; x_wconf 84' lang='lat' dir='ltr'><strong>diligentissime</strong></span> <span class='ocrx_word' id='word_1_348' title='bbox 1311 4279 1448 4346; x_wconf 85' lang='lat' dir='ltr'><strong>caveant.</strong></span> 
     </span>
     <span class='ocr_line' id='line_1_40' title="bbox 208 4379 1449 4468; baseline -0.003 -17"><span class='ocrx_word' id='word_1_349' title='bbox 208 4385 284 4451; x_wconf 80' lang='lat' dir='ltr'><strong>Jam</strong></span> <span class='ocrx_word' id='word_1_350' title='bbox 299 4399 388 4466; x_wconf 87' lang='lat' dir='ltr'><strong>porro</strong></span> <span class='ocrx_word' id='word_1_351' title='bbox 403 4399 439 4446; x_wconf 87' lang='lat' dir='ltr'><strong>ex</strong></span> <span class='ocrx_word' id='word_1_352' title='bbox 454 4379 503 4445; x_wconf 87' lang='lat' dir='ltr'><strong>bis</strong></span> <span class='ocrx_word' id='word_1_353' title='bbox 518 4379 660 4450; x_wconf 66' lang='lat' dir='ltr'><strong>omnbus</strong></span> <span class='ocrx_word' id='word_1_354' title='bbox 674 4399 753 4466; x_wconf 88' lang='lat' dir='ltr'><strong>quae</strong></span> <span class='ocrx_word' id='word_1_355' title='bbox 767 4383 833 4450; x_wconf 92' lang='lat' dir='ltr'><strong>Nos</strong></span> <span class='ocrx_word' id='word_1_356' title='bbox 846 4383 1026 4451; x_wconf 86' lang='lat' dir='ltr'><strong>brevissime</strong></span> <span class='ocrx_word' id='word_1_357' title='bbox 1041 4381 1278 4467; x_wconf 85' lang='lat' dir='ltr'><strong>perstrinximus</strong></span> <span class='ocrx_word' id='word_1_358' title='bbox 1292 4381 1325 4448; x_wconf 89' lang='lat' dir='ltr'><strong>et</strong></span> <span class='ocrx_word' id='word_1_359' title='bbox 1338 4381 1449 4468; x_wconf 85' lang='lat' dir='ltr'><strong>attigi·</strong></span> 
     </span>
     <span class='ocr_line' id='line_1_41' title="bbox 208 4481 1448 4568; baseline -0.002 -16"><span class='ocrx_word' id='word_1_360' title='bbox 208 4501 288 4564; x_wconf 87' lang='lat' dir='ltr'><strong>mus,</strong></span> <span class='ocrx_word' id='word_1_361' title='bbox 311 4481 442 4562; x_wconf 76' lang='lat' dir='ltr'><strong>&#39;cibique</strong></span> <span class='ocrx_word' id='word_1_362' title='bbox 459 4481 711 4568; x_wconf 77' lang='lat' dir='ltr'><strong>significavimus,</strong></span> <span class='ocrx_word' id='word_1_363' title='bbox 734 4485 835 4553; x_wconf 76' lang='lat' dir='ltr'><strong>Tuum</strong></span> <span class='ocrx_word' id='word_1_364' title='bbox 857 4486 926 4567; x_wconf 87' lang='lat' dir='ltr'><strong>erit,</strong></span> <span class='ocrx_word' id='word_1_365' title='bbox 950 4486 1142 4554; x_wconf 85' lang='lat' dir='ltr'><strong>Venerabilis</strong></span> <span class='ocrx_word' id='word_1_366' title='bbox 1163 4486 1283 4567; x_wconf 79' lang='lat' dir='ltr'><strong>Frater,</strong></span> <span class='ocrx_word' id='word_1_367' title='bbox 1306 4484 1448 4552; x_wconf 88' lang='lat' dir='ltr'><strong>adbibita</strong></span> 
     </span>
     <span class='ocr_line' id='line_1_42' title="bbox 208 4584 1447 4676; baseline -0.002 -20"><span class='ocrx_word' id='word_1_368' title='bbox 208 4586 304 4656; x_wconf 77' lang='lat' dir='ltr'><strong>otiam</strong></span> <span class='ocrx_word' id='word_1_369' title='bbox 320 4584 457 4650; x_wconf 77' lang='lat' dir='ltr'><strong>l&#39;uorum</strong></span> <span class='ocrx_word' id='word_1_370' title='bbox 475 4585 741 4674; x_wconf 76' lang='lat' dir='ltr'><strong>suffraganeorum</strong></span> <span class='ocrx_word' id='word_1_371' title='bbox 754 4609 857 4676; x_wconf 88' lang='lat' dir='ltr'><strong>opere,</strong></span> <span class='ocrx_word' id='word_1_372' title='bbox 879 4590 1019 4660; x_wconf 82' lang='lat' dir='ltr'><strong>retollere</strong></span> <span class='ocrx_word' id='word_1_373' title='bbox 1034 4593 1070 4660; x_wconf 86' lang='lat' dir='ltr'><strong>et</strong></span> <span class='ocrx_word' id='word_1_374' title='bbox 1081 4591 1219 4658; x_wconf 85' lang='lat' dir='ltr'><strong>obterere</strong></span> <span class='ocrx_word' id='word_1_375' title='bbox 1236 4586 1447 4672; x_wconf 85' lang='lat' dir='ltr'><strong>impudentem</strong></span> 
     </span>
    </p>
   </div>
   <div class='ocr_carea' id='block_1_11' title="bbox 0 0 1595 5128">
    <p class='ocr_par' dir='ltr' id='par_1_11' title="bbox 0 0 1595 5128">
     <span class='ocr_line' id='line_1_43' title="bbox 0 0 1595 5128; baseline 0 0"><span class='ocrx_word' id='word_1_376' title='bbox 0 0 1595 5128; x_wconf 95' lang='lat' dir='ltr'><strong> </strong></span> 
     </span>
    </p>
   </div>
  </div>
 </body>
</html>
