3170 5128
271 259 330 312 aas
348 259 385 314 rx.
403 260 428 315 o.
445 260 504 314 aar
523 261 587 314 rear
608 272 642 314 an
660 263 710 316 oen
727 263 878 317 inanior
892 263 1045 318 rrarrowsvr
1064 275 1095 316 zu
1113 263 1261 316 warrenna.
1307 243 1379 324 281

150 445 189 513 iis
204 445 350 524 exhibite,
373 444 483 528 quibus
497 465 608 514 munus
623 449 725 514 tuerat
740 433 937 516 commissum
947 448 1145 516 'examinandi
1159 449 1261 516 varias
1275 467 1324 515 res
1344 449 1383 520 ad

150 547 381 614 conventionem
403 550 602 633 pertinentes,
625 553 657 618 et
678 553 872 636 praedictum
897 555 1073 636 separatum
1098 553 1241 618 volumen
1267 554 1383 636 (proto-

150 651 226 733 cole)
243 651 285 730 ‚de
302 651 352 730 iis,
375 672 452 736 quaa
475 655 621 720 constitui
643 655 725 720 haud
748 657 921 739 potuerant.
965 657 1008 722 Ut
1031 657 1136 722 autem
1158 656 1279 721 facilius
1298 675 1383 722 amo-

149 756 293 822 verentur
318 741 534 837 difficultates,
561 779 639 842 quae
665 762 839 843 exoptatam
864 779 968 826 rerum
1001 760 1280 826 ecclesiasticarum
1311 759 1384 825 istic

148 858 403 925 instaurationem
418 860 637 944 impediebant,
652 863 734 928 omni
749 864 852 928 studio
865 863 980 928 iterum
990 864 1107 929 instare
1119 863 1202 929 baud
1213 863 1382 942 omisimus,

149 963 186 1028 ut
199 962 315 1028 Nostra
329 963 439 1045 petitio
453 964 585 1050 benigne
600 967 797 1049 exciperetur,
819 968 857 1032 nt
870 967 989 1032 scilicet
1002 967 1035 1031 in
1049 967 1230 1033 Bassianum
1245 967 1383 1049 Impera·

148 1065 225 1130 toris
240 1066 272 1130 et
286 1065 432 1132 Poleuiae
446 1066 544 1154 Regis
564 1069 707 1134 dominiis
722 1069 833 1154 aliquis
848 1070 1073 1136 ecclesiasticus
1095 1070 1142 1135 vir
1163 1071 1294 1135 aNobis
1306 1069 1382 1134 mis-

149 1187 203 1234 sus
215 1168 373 1248 resideret,
395 1170 448 1253 qui
462 1172 576 1238 Nostro
591 1174 622 1238 et
636 1173 728 1256 hujus
745 1173 775 1239 S.
792 1173 879 1239 Sedis
895 1175 1017 1239 nomine
1035 1173 1243 1240 ecclesiastica
1257 1173 1382 1256 negotia

148 1271 313 1336 mactanda
327 1273 459 1338 curaret.
504 1273 606 1358 Atque
627 1275 708 1341 hunc
730 1276 763 1340 in
783 1275 876 1342 finem
891 1277 1006 1342 Noster
1020 1276 1131 1343 Orator
1152 1275 1231 1340 nihil
1245 1275 1382 1340 intenta·

148 1375 216 1440 tum
230 1375 366 1458 reliquit,
389 1377 425 1442 ut
447 1376 546 1458 eidem
562 1379 744 1462 Imperatori
763 1381 892 1463 ejusque
913 1379 1061 1464 gubernio
1082 1379 1225 1444 suaderet
1243 1359 1382 1461 justissil

8 1551 10 1558 ¹
148 1497 231 1542 mam
258 1497 324 1545 esse
348 1481 498 1564 planeque
524 1484 726 1565 opportunam
752 1483 928 1568 hujusmodi
957 1484 1104 1549 Nostram
1132 1481 1380 1566 postulationem.

148 1581 191 1646 At
207 1581 346 1648 dolenter
367 1584 506 1664 dicimus,
528 1587 663 1652 nondum
679 1588 884 1653 consolatione
906 1587 953 1652 uti
971 1585 1136 1669 potuimus,
1160 1587 1196 1650 ut
1217 1585 1382 1667 conceptae

149 1685 278 1750 aNobis
293 1705 362 1770 spes
378 1689 520 1770 optatum
534 1691 769 1772 assequerentur
784 1691 908 1756 exitum.
938 1690 959 1756 J
961 1708 1082 1755 amvere
1104 1687 1291 1771 deploranda
1308 1705 1381 1752 sanc

150 1789 282 1854 mnditia
296 1789 329 1854 in
344 1809 405 1872 qua
419 1791 544 1856 rutheni
559 1794 591 1857 et
614 1794 730 1858 armeni
745 1794 889 1859 catholici
903 1793 975 1858 istic
989 1793 1160 1870 versantur,
1182 1809 1243 1856 non
1257 1791 1381 1873 poterat

149 1910 209 1956 non
222 1894 418 1959 vehementer
432 1913 621 1962 commovere
636 1898 669 1962 et
683 1897 814 1962 excitare
829 1896 1040 1979 Apostolicam
1054 1895 1201 1961 Nostram
1219 1893 1382 1958 caritatem

148 1995 178 2061 el
196 1996 454 2062 sollicitudinem..
489 1997 570 2063 Hinc
592 1999 646 2077 die,
658 2001 688 2064 3.
703 1999 725 2065 J
726 1999 783 2063 ulii
808 2000 889 2064 1848
904 2001 1035 2065 Nostras
1050 1998 1190 2064 dedimus
1204 1997 1326 2062 litteras
1342 1995 1382 2061 ad

147 2097 326 2164 defunctum
341 2100 601 2185 arehiepiscopum
612 2103 866 2180 Mohiloviensem
881 2103 1007 2187 ejusque
1022 2103 1243 2186 suffraganeos,
1259 2100 1382 2183 illisque

146 2203 378 2283 inculcavimus,
400 2207 436 2269 ut
461 2205 587 2271 interim
612 2207 767 2290 spirituali
793 2225 973 2290 graecorum
998 2208 1154 2272 unitorum
1176 2223 1276 2282 curae,
1298 2201 1382 2286 regi·

146 2306 240 2386 mini,
270 2307 364 2374 saluti
393 2308 616 2375 studiosissime
646 2313 854 2391 consulerent,
884 2330 920 2377 ae
943 2311 1064 2394 saepius
1091 2307 1274 2393 praesertim
1301 2323 1381 2370 anno

149 2410 245 2474 1857-
259 2410 381 2476 iteratis
413 2412 614 2494 petitionibus
640 2433 731 2496 penes
760 2415 919 2498 imperiale
948 2413 1130 2499 gubernium
1155 2411 1272 2476 instare
1297 2407 1382 2472 haud

145 2513 419 2596 praetermisimus,
442 2517 478 2581 ut
500 2535 603 2582 ornnes
619 2520 832 2584 amoverentur
847 2519 1048 2584 difficultates
1070 2534 1148 2600 quae
1162 2511 1380 2597 impediebant,

8 2629 9 2636 ’
123 2617 308 2700 quominus
323 2617 514 2685 Obelmensis
537 2609 776 2688 ecclesiasuum
792 2623 920 2688 haberet
942 2623 1125 2705 episcopum.
1155 2618 1259 2702 Atque
1274 2615 1381 2680 eodem

9 2735 11 2740 ·
145 2722 282 2804 tempore
296 2723 531 2789 reclamavimus
545 2726 707 2808 propterea
721 2727 802 2810 quod
816 2721 900 2790 illius
922 2724 1067 2791 dioecesis
1082 2721 1186 2789 clerici
1200 2720 1240 2786 ad
1255 2736 1381 2803 graeco-

144 2825 294 2890 russieam
310 2826 516 2919 mittebantur
530 2828 773 2908 universitatem,
796 2830 829 2894 et
844 2828 1111 2912 expostulavimus,
1134 2826 1170 2890 ut
1190 2821 1381 2888 Ohelmensis

145 2927 276 2994 antistes
296 2929 418 3012 plenam
439 2931 568 2997 haberet
589 2931 765 2997 libertatem
794 2931 939 2998 mittendi
960 2930 1121 2997 nonnullos
1143 2948 1160 2994 e
1182 2927 1246 2991 suis
1262 2925 1381 2991 clericis

145 3032 186 3096 ad
207 3031 302 3098 istam
329 3033 569 3100 eeclesiasticam
594 3035 828 3101 Varsaviensem
847 3036 1049 3114 academiam,
1070 3029 1326 3117 quemadmodum
1348 3028 1382 3092 in

147 3153 230 3212 more
245 3135 348 3202 fuerat
362 3139 434 3202 ante
456 3157 568 3204 annum
594 3141 685 3205 1831.
730 3139 891 3226 Summum
914 3141 1018 3204 antem
1039 3137 1190 3204 Nostrum
1212 3131 1381 3198 declaravi·

147 3257 216 3302 mus
230 3237 364 3304 dolerem
380 3240 418 3304 ob
433 3242 603 3324 propositas
617 3242 655 3307 de
665 3242 848 3308 dhelmensi
869 3243 1048 3309 clericorum
1067 3237 1232 3304 seminario
1244 3235 1380 3320 regulas,

147 3361 226 3424 quae
241 3342 336 3407 sacris
359 3344 528 3410 catholicae
551 3345 698 3410 ecclesiae
719 3345 885 3411 canonibus
900 3343 1151 3410 adversabantur.
1195 3339 1261 3406 Nec
1277 3338 1380 3404 minua

146 3445 244 3512 Nebis
259 3447 343 3512 cordi
352 3447 418 3512 ¹fuit
432 3449 598 3531 postulare,
614 3450 650 3514 ut
664 3449 826 3534 religiosus
841 3449 901 3515 iste
916 3449 945 3515 S.
963 3447 1072 3513 Basilii
1084 3444 1156 3512 orde
1167 3443 1271 3528 posset
1282 3441 1380 3506 denuo

146 3549 342 3616 eruditricem
373 3569 497 3616 suerum
523 3551 660 3616 tironum
687 3552 816 3618 domum
839 3553 935 3618 libere
959 3550 1093 3634 aperire,
1120 3547 1284 3632 quoidam
1307 3543 1380 3609 erdo

146 3651 183 3716 de
207 3651 349 3716 orientali
370 3653 552 3734 praesertim
578 3653 706 3719 ecclesia
732 3656 781 3720 tot
806 3674 878 3720 rane
907 3653 1081 3720 nominibus
1104 3649 1228 3736 egregie
1248 3647 1379 3714 meritus

145 3753 260 3826 iterum
281 3752 411 3835 vigeret,
434 3755 466 3818 et
487 3755 700 3822 effloresceret.
746 3755 823 3822 Cum
846 3759 950 3822 autem
972 3757 1153 3821 miserorum
1178 3752 1377 3816 ruthenorum

146 3873 271 3920 causam
294 3853 516 3921 studiosissime
538 3857 676 3941 egimus,
707 3860 744 3923 ut
764 3859 825 3942 ipsi
846 3861 984 3925 sanctam
1005 3858 1148 3924 unionem
1169 3855 1265 3921 libere
1286 3853 1380 3936 profi·

145 3958 215 4038 tari,
238 3959 270 4024 et
296 3977 434 4024 exercere
459 3961 599 4042 possent,
626 3968 687 4025 non
710 3962 858 4028 mediocri
883 3965 964 4028 certe
990 3961 1185 4031 miseratione
1211 3977 1247 4024 ac
1276 3957 1379 4022 dolore

145 4062 249 4136 affecti
280 4057 365 4127 haud
398 4061 557 4128 ambimus
582 4063 719 4147 ejusdem
745 4067 943 4150 Imperatoris
973 4065 1130 4150 justitiam
1155 4064 1296 4129 invocare
1324 4077 1379 4142 pro

145 4165 299 4230 nonnullis
314 4166 522 4250 graeco-uniti
543 4167 618 4233 cleri
638 4169 855 4254 praesbyteris,
877 4171 930 4254 qui
951 4168 1109 4254 religionis
1130 4185 1223 4232 eausa
1243 4165 1282 4230 ab
1299 4180 1379 4228 anno

148 4267 230 4332 1839
244 4268 278 4332 in
292 4269 443 4334 coenobiis
465 4269 544 4336 ritus
566 4273 803 4355 matusael
816 4273 928 4338 inclusi
947 4272 1174 4351 detinebantur,
1196 4266 1379 4335 termasima

10 4347 11 4386 ³
144 4367 220 4451 ipsis
241 4387 260 4434 a
281 4369 429 4452 gubernio
450 4372 594 4455 pensione
617 4373 788 4458 adsignata.
833 4375 892 4442 Sed
919 4395 990 4442 curn
1008 4374 1129 4460 jamdiu
1151 4372 1379 4456 expectaremus

145 4489 224 4555 quae
239 4471 367 4540 consilia
387 4475 468 4539 esset
483 4477 679 4559 suscepturus
693 4477 926 4560 potentissimus
940 4478 1112 4562 Imperator
1131 4475 1170 4542 dc
1184 4474 1223 4574 iis
1237 4471 1378 4538 omnibns

145 4572 174 4640 ei
196 4574 234 4640 ab
257 4574 498 4648 extraordinario
519 4577 633 4650 Nostro
647 4579 776 4650 Oratore
790 4580 984 4670 significatis,
1007 4589 1043 4652 ad
1056 4579 1189 4678 maxime
1204 4574 1377 4646 doleremus
