3068 5124
179 219 252 302 442
316 241 452 296 Urlurrden
473 255 518 296 rur
538 245 698 308 pspnrreuen
716 243 881 296 lienuselrrllr
903 257 960 298 rom
983 208 1019 297 15⁵.
1038 245 1183 298 November
1203 247 1274 299 ludo.

177 431 210 496 in
236 431 463 498 carumlocum
490 431 620 498 suffecti.
667 432 823 498 Plcccnsis
848 450 918 496 vero
933 431 1113 496 Dioecesoos
1136 430 1303 496 Saminarii
1320 430 1425 495 -aedes
1530 441 1531 508 j

177 517 361 582 confiscatae
393 517 542 595 increpat
565 519 649 583 illius
664 519 832 601 Episcopus
852 517 985 583 Clericus
1002 518 1150 582 Alumnos
1176 518 1209 582 in
1236 517 1426 582 coenobium

177 604 251 670 olim
275 603 478 670 Franciscalis
504 605 627 670 Ordinis
654 607 739 670 antra
766 605 902 670 civitatis
933 604 1053 670 moenia
1083 605 1249 670 mandene
1281 605 1429 680 coactus,

177 691 319 758 omnibus
341 692 555 756 ecclesiasticis
575 692 648 756 uiris
668 694 855 756 commeatus
870 691 1050 775 denegatus,
1074 709 1111 756 ne
1134 691 1217 754 ultra
1244 690 1338 756 mille
1354 709 1432 772 pas·

184 797 273 843 sunm
306 778 439 860 spatium
467 778 630 861 apropris
657 778 822 842 residentia
848 777 1003 843 discedere
1029 779 1061 842 et
1082 777 1163 841 inter
1189 796 1221 842 sc
1247 777 1435 842 communi·

178 883 246 930 care
277 865 403 947 possint.
456 865 583 930 Illorum
617 867 721 930 autern
756 865 895 928 fidelium
927 884 995 928 cum
1037 865 1094 928 hac
1126 863 1309 946 Apostolica
1346 863 1435 928 Sede

177 952 412 1017 cornmunicatio
438 970 456 1016 a
481 952 609 1017 Russioo
632 951 788 1016 Gubernio
814 953 904 1016 tanta
926 951 1091 1016 severitate
1116 952 1165 1015 ast
1185 950 1362 1014 interdicta
1395 969 1434 1014 ac

147 1077 151 1086 ·
178 1039 301 1104 omnino
327 1039 467 1113 sublata,
498 1039 533 1102 nt
559 1039 623 1104 Nos
648 1037 781 1103 marimo
807 1037 903 1102 animi
924 1038 1033 1102 Nostri
1054 1037 1156 1102 dolore
1179 1037 1265 1102 hand
1287 1037 1439 1119 amplius

178 1125 241 1192 ullo
267 1125 357 1190 modo
379 1125 531 1206 possimus
555 1143 610 1208 pro
632 1123 767 1206 supremi
797 1124 904 1188 Nostri
928 1123 1096 1206 apostolici
1126 1123 1293 1188 ministerii
1322 1124 1441 1188 officio

179 1212 325 1276 dilectam
347 1212 435 1276 illam
457 1211 610 1276 Dominiei
636 1211 740 1296 gregis
763 1213 882 1292 partem
906 1210 1033 1292 juvare,
1057 1210 1182 1293 ejusque
1205 1210 1441 1293 spiritualibus

179 1297 361 1381 indigentiis
387 1317 474 1380 opem
512 1297 720 1381 auxiliumque
750 1297 838 1362 farre.
902 1298 1004 1378 Atque
1036 1296 1157 1362 utinam
1188 1317 1227 1361 ne
1259 1297 1331 1361 veri
1367 1297 1442 1362 sint

179 1385 286 1450 tristes
308 1384 428 1460 nuncii,
458 1385 510 1468 qui
541 1404 636 1466 nuper
666 1384 704 1448 ad
734 1385 799 1448 Nos
827 1385 1048 1466 pervenerunt,
1084 1383 1283 1467 designatum
1314 1403 1442 1466 nempe

181 1471 394 1536 Ohelmansem
410 1471 603 1554 Episcopum,
627 1472 659 1536 et
674 1470 868 1536 Gathedralis
884 1470 968 1536 illius
984 1470 1105 1552 Templi
1120 1468 1291 1535 Canonicos
1306 1471 1441 1552 majore

181 1577 217 1622 ex
238 1559 326 1640 parte
348 1557 387 1621 ab
409 1557 517 1622 eodem
546 1556 701 1622 cubcmio
727 1557 760 1620 in
785 1557 908 1640 ignotas
936 1557 1076 1640 regiones
1103 1556 1197 1621 fuisse
1227 1557 1439 1621 amandatos.

179 1643 268 1710 Nihil
290 1660 361 1708 vero
384 1643 515 1708 dicimus
537 1644 574 1708 de
600 1643 732 1709 assiduis
758 1644 905 1726 cujusque
928 1644 1048 1728 generis
1074 1643 1204 1720 insidiis,
1241 1643 1374 1708 artibus
1406 1647 1441 1708 et

181 1730 316 1796 conatibr
328 1749 352 1806 s,
379 1730 489 1812 quibus
516 1730 598 1794 idern
622 1729 811 1795 Gubemium
828 1729 997 1796 catholicae
1019 1729 1176 1796 Ecclesiae
1197 1729 1279 1794 filios
1303 1730 1348 1794 ab
1367 1731 1442 1814 ejus

184 1818 253 1882 rinn
287 1817 437 1898 abripere,
471 1835 581 1899 eosque
613 1817 651 1880 ad
678 1817 922 1882 funestissimum
954 1816 1087 1883 schisma
1112 1816 1188 1882 totis
1213 1816 1337 1880 viribus
1363 1836 1442 1899 per-

184 1903 308 1969 trahere
341 1903 511 1978 annititur,
538 1903 616 1968 nihil
645 1903 682 1967 de
708 1903 854 1981 carceris,
889 1903 971 1968 exilii
1007 1902 1136 1985 aliisque
1157 1903 1281 1984 poenis,
1312 1903 1442 1985 quibus

182 1990 333 2073 Episcopi,
357 1989 495 2071 sacrique
521 1989 676 2056 Ecclesiae
698 1989 845 2067 Ministri,
871 1989 1082 2072 Religiosique
1108 1990 1191 2068 Viri,
1215 1990 1246 2054 et
1274 1989 1437 2054 catholici

180 2075 286 2141 fideles
312 2095 386 2140 suae
408 2076 550 2158 religioni
576 2076 707 2141 firmiter
735 2075 937 2142 adhaerentes
959 2077 990 2140 et
1005 2075 1161 2142 Ecclesiae
1185 2076 1257 2159 jura
1284 2095 1436 2160 propug-

182 2163 292 2228 nantes
325 2162 437 2227 misere
459 2161 676 2245 subjiciuntur.

285 2247 370 2328 Quae
393 2249 496 2314 omnia
525 2248 720 2314 manifestius
747 2250 895 2330 apparant
921 2265 956 2314 en
984 2249 1130 2314 accurata
1155 2267 1258 2316 rarum
1287 2251 1438 2314 omniurn

185 2335 381 2418 expositione,
408 2354 500 2418 qnam
524 2336 702 2417 opportunis
724 2334 916 2400 documentis
942 2335 1110 2412 munitam,
1137 2354 1173 2399 ac
1197 2335 1281 2419 typis
1309 2337 1439 2402 editam

181 2423 277 2487 Vobis
293 2441 385 2506 quam
406 2421 539 2504 primum
555 2421 737 2486 tradendam
750 2421 909 2504 jussimus.
954 2421 1057 2502 Atque
1080 2421 1126 2486 ita
1140 2421 1302 2486 universus
1319 2423 1439 2488 catho-

182 2509 261 2578 licus
290 2509 373 2574 orbis
398 2509 553 2592 agnoscet,
582 2527 673 2590 quam
690 2507 869 2572 diuturnum
897 2507 938 2572 sit
953 2507 1070 2571 bellum
1093 2507 1253 2574 altnssico
1268 2507 1438 2573 Gubernio

182 2595 395 2660 sanctissimae
421 2595 542 2660 nostrae
565 2591 706 2677 religioni
729 2593 863 2674 illatum,
885 2595 921 2657 ut
943 2593 1011 2676 ipsa
1036 2593 1068 2656 in
1095 2593 1240 2660 Poloniae
1263 2595 1379 2678 Regno
1405 2597 1438 2660 et
1524 2615 1527 2664 J

181 2681 363 2748 Errssiarum
379 2681 510 2762 Imperio
534 2680 655 2762 penitus
682 2679 832 2744 deleatur.
877 2679 970 2744 Haud
1000 2679 1188 2766 ignoramus,
1217 2700 1251 2744 ex
1278 2681 1437 2748 funestis-

182 2769 277 2843 sima,
310 2769 342 2832 ct
375 2767 497 2832 omnino
530 2765 704 2830 damnanda
736 2765 902 2832 rebellione
932 2765 1012 2830 idem
1043 2765 1234 2834 doberniam
1260 2767 1437 2850 arripuisse

183 2854 372 2920 occasionem
394 2852 433 2918 ad
450 2854 515 2918 tam
532 2853 598 2918 dira
620 2853 727 2918 contra
749 2853 933 2918 catholicam
948 2853 1118 2924 Ecclesiam
1144 2851 1340 2936 suscipienda
1359 2875 1437 2920 can-

182 2941 253 3006 silia
279 2939 353 3004 dum
386 2939 562 3006 rebeEionis
587 2939 633 3004 rei
659 2939 772 3004 debitis
801 2939 901 3004 modis
923 2937 1060 3005 cohiberi
1087 2941 1119 3004 et
1144 2939 1247 3023 puniri
1269 2942 1435 3022 poterant,

182 3027 257 3110 quin
283 3026 437 3092 Ecclesiae
464 3027 528 3090 tam
557 3043 651 3109 grave
681 3023 798 3090 bellum
833 3025 1006 3092 inferretur.
1053 3025 1155 3108 Atque
1184 3025 1230 3090 ita
1263 3027 1329 3092 Deo
1364 3029 1437 3110 pla-

185 3113 318 3190 cuisset,
348 3113 384 3178 ut
405 3131 494 3176 nemo
523 3131 558 3176 en
587 3110 743 3176 Ecclesiae
768 3111 964 3193 potissimum
989 3111 1142 3176 Ministris
1168 3131 1201 3177 se
1230 3113 1435 3196 perniciosis-

183 3201 269 3266 simis
301 3199 406 3266 fatalis
439 3197 616 3280 hujusmodi
649 3191 889 3279 perturbationis
923 3198 1058 3265 motibus
1086 3197 1334 3264 immiscuisset*
1362 3201 1433 3266 Nos
1526 3221 1529 3286 ,³

184 3287 306 3370 quidem
329 3304 409 3350 nunc
439 3283 547 3360 denuo,
574 3283 621 3348 uti
644 3283 722 3348 alias
748 3281 945 3348 rebellionem
967 3304 1160 3368 summopere
1185 3285 1374 3350 damnamus
1400 3289 1434 3352 et
1527 3291 1528 3296 ’

183 3373 391 3456 reprobamus,
408 3389 572 3452 omnesque
588 3369 704 3448 fideles,
729 3388 764 3434 ac
779 3369 960 3454 praesertim
985 3370 1206 3436 ecclesiasticos
1221 3371 1302 3436 viros
1317 3392 1433 3439 mone·

183 3479 254 3526 mus
287 3459 319 3522 et
344 3456 550 3532 exhortamur,
578 3457 614 3520 ut
635 3455 730 3543 impiq
757 3455 931 3521 rebellionis
953 3457 1105 3540 principia
1127 3477 1162 3521 ex
1189 3457 1290 3523 animo
1313 3457 1433 3524 abhor-

186 3547 284 3621 reant,
308 3543 511 3617 detestentur,
535 3560 571 3608 ac
594 3541 823 3609 sublimioribus
839 3543 1044 3624 potestatibus
1067 3543 1184 3608 subditi
1206 3545 1279 3628 sint,
1302 3544 1432 3628 illisque

184 3631 316 3696 fideliter
336 3627 481 3694 obediant
502 3628 535 3693 in
560 3628 599 3694 iis
620 3629 770 3706 omuibus,
795 3647 873 3712 quae
888 3627 946 3694 'Dei
974 3630 1100 3714 eJ'usque
1122 3631 1248 3696 sanctae
1270 3632 1432 3698 Ecclesiae

183 3717 304 3802 legibus
327 3715 455 3780 minime
482 3715 694 3782 adversantur.

287 3821 324 3884 In
350 3821 438 3884 tanto
465 3819 570 3884 antam
596 3818 699 3887 dolore
726 3838 786 3884 non
811 3818 877 3884 leve
900 3820 997 3885 Nobis
1025 3819 1116 3886 affert
1142 3821 1288 3886 solatium
1314 3822 1433 3888 eximia

185 3909 309 3972 illerum
325 3903 554 3972 Oatlrclicorum
570 3905 667 3970 virtus
690 3906 722 3970 et
738 3906 923 3986 constantia,
947 3906 1000 3989 qui
1014 3907 1087 3972 llcet
1103 3907 1264 3990 tantopere
1279 3907 1431 3986 divexati,

184 3996 298 4069 tamen,
321 3992 386 4056 Deo
408 3991 584 4076 adjuvante,
608 3992 640 4054 in
663 3991 833 4062 catholicae
855 3992 1013 4076 religionis
1035 3993 1221 4075 professione
1244 3993 1372 4060 stabiles
1399 3999 1433 4060 et

184 4079 305 4146 immoti
331 4079 529 4162 peruranant,
561 4079 592 4142 et
614 4077 736 4144 malunt
762 4079 1091 4162 asperrimaquaaqua
1113 4080 1242 4162 perpeti,
1265 4097 1359 4162 quam
1387 4083 1429 4146 ab

184 4166 293 4318 {adem
329 4165 524 4232 sanctissima
556 4163 720 4247 religione¹
753 4167 845 4248 atque
879 4166 917 4230 ab
954 4166 1012 4230 hac
1050 4165 1228 4248 Apostolica
1261 4165 1339 4231 Sede
1372 4166 1429 4246 da-

209 4271 286 4319 cere.

286 4339 416 4404 Interim
437 4355 509 4404 vero
530 4336 599 4416 Dei,
626 4337 751 4421 ejusque
777 4338 941 4414 Ecclesiae,
969 4338 1001 4402 et
1015 4337 1186 4422 Religionis
1209 4355 1333 4404 causam
1358 4339 1425 4404 No·
1528 4405 1529 4409 ,

184 4425 232 4490 bis
258 4424 407 4490 divinitus
429 4423 623 4490 commissam
646 4425 769 4488 strenua
792 4425 925 4500 tuentes,
948 4425 1111 4506 partesque
1137 4423 1274 4501 Nostrae·
1288 4423 1425 4506 Aposto-

184 4511 244 4578 lica
279 4511 423 4576 libertale
450 4509 625 4590 explentes,
654 4512 695 4576 in
721 4511 777 4574 hcc
814 4510 1004 4590 amplissimo
1027 4511 1137 4574 Vestro
1175 4527 1316 4576 ccrrssssu
1340 4512 1423 4574 Pon·
1528 4574 1529 4589 ,

184 4597 315 4666 tificiam
329 4595 477 4666 Nostram
502 4597 673 4665 attollimus
693 4615 807 4672 vocem,
827 4597 862 4660 et
885 4595 987 4666 oramia
1010 4595 1133 4663 decreta
1156 4599 1187 4662 et
1213 4597 1284 4660 acta
1305 4615 1324 4660 a
1343 4596 1425 4660 Rus.
1525 4620 1531 4668 ῃ
