3170 5128
195 273 707 330 8811818888118881881.8118111888
721 271 1301 330 111181881818888118181.3888188888.
1355 251 1405 332 8ῠ
1502 325 1505 332 ,

161 465 327 531 Ecclesiae
349 463 559 531 Ozusuiocmis
581 463 820 547 sineparriorpe
835 461 1023 545 capitularis
1041 459 1168 540 Viturii,
1183 457 1407 543 ¹praetermissa

41 589 65 646 ,·
160 569 278 635 tabula
306 570 389 635 1843
415 587 464 634 88.
491 569 639 646 conlecta,
662 568 801 651 quaeat
827 566 894 650 ipso
919 567 952 631 et
976 585 995 630 a
1021 565 1134 631 vicario
1157 561 1321 648 capitulari
1338 562 1405 648 ojus

160 673 327 757 spirituali
350 673 513 756 superiore,
527 671 709 755 approbato
729 671 807 748 fuit,
829 671 974 736 ultimam
996 669 1181 737 decisionem
1201 665 1348 752 pouendir
1370 683 1406 733 oo

159 779 281 862 magis,
297 776 378 860 quod
394 777 551 859 porrectus
567 776 646 840 altor
661 775 822 860 catalogos
837 774 932 840 trent
940 773 1087 858 illegalis,
1104 772 1204 856 primo
1220 789 1237 836 o
1254 771 1405 838 (11888188

160 882 343 965 appositus,
363 885 403 946 'ac
425 881 588 946 arbitraris
617 881 781 946 conlectus.
825 880 1047 946 blohilorionse
1068 879 1167 964 igitur
1188 876 1404 943 consistorium

158 1005 221 1069 per
235 986 295 1050 hoo
316 1002 407 1049 suum
422 985 579 1050 decretum
602 985 747 1049 emissum
770 985 884 1070 absque
907 983 988 1051 scitu
1001 983 1182 1068 capitularis
1203 981 1320 1058 vicarii,
1343 980 1403 1058 cui,

159 1090 200 1153 ut
224 1089 321 1154 refert
339 1087 418 1154 mihi
439 1088 555 1154 litteris
577 1088 641 1154 suis
661 1089 819 1172 praelatus
839 1089 943 1168 Laeti,
965 1107 1065 1173 noque
1087 1087 1125 1154 de
1147 1087 1210 1152 ista
1230 1083 1403 1152 consistorii

159 1192 362 1269 resolutione,
384 1211 482 1275 neque
498 1192 542 1257 de
565 1191 683 1257 duabus
703 1191 958 1276 parochianorum
979 1191 1111 1269 tabulis,
1141 1209 1198 1256 neo
1218 1189 1344 1254 demum
1364 1185 1404 1254 do

156 1295 323 1380 praesenti
337 1315 444 1362 aarum
459 1296 543 1361 exitu
567 1297 724 1379 hucusque
746 1297 853 1362 notum
869 1296 939 1375 luit,
962 1295 1085 1362 nonnisi
1106 1296 1190 1360 ultra
1209 1293 1326 1360 limites
1347 1309 1403 1376 po·

159 1400 291 1466 testatis
313 1400 373 1466 sibi
395 1401 596 1489 competentis
624 1397 836 1485 trangressum
860 1401 923 1479 est,
952 1400 1045 1483 idque
1066 1399 1099 1464 in
1121 1397 1403 1465 arescendum

161 1505 241 1570 tomi
256 1503 283 1570 1.
299 1504 360 1590 leg.
377 1504 442 1570 cod.
462 1503 525 1569 258
542 1505 674 1570 amiculi.

163 1606 179 1692 j
272 1609 322 1672 13.
345 1606 425 1688 Quia
440 1607 654 1674 consistorium
671 1595 754 1674 1843
770 1627 819 1674 88.
835 1607 948 1676 mensis
962 1606 1146 1674 Novembris
1162 1605 1256 1671 9.(118
1270 1604 1402 1690 primam

166 1711 250 1776 iilam
276 1711 430 1791 tabulam,
457 1711 621 1778 a·Vioario
643 1713 739 1778 etiam
764 1711 928 1797 capitulari
953 1709 1175 1794 subscriptam,
1198 1709 1401 1788 confirmarit,

171 1813 426 1882 alessandro
445 1817 492 1882 15.
509 1815 691 1882 Novembris
714 1816 908 1882 confirmavit
923 1815 1062 1880 alteram
1083 1814 1207 1880 omniuo
1229 1811 1400 1896 oppositam
1492 1823 1495 1828 ’

164 1918 266 2002 priori,
289 1931 386 2003 eoque
407 1920 487 2003 ipso,
507 1939 583 2003 quos
606 1938 669 1986 an·
682 1921 767 1986 1843
786 1920 954 1986 catholicos
974 1918 1111 2004 agnovit,
1134 1935 1185 1984 eos
1200 1917 1233 1983 in
1247 1937 1296 1984 aa.
1317 1917 1399 1982 1845

161 2023 311 2106 unquam
326 2024 533 2106 prauoslavios
548 2023 788 2108 (schismaticos)
804 2025 842 2090 ab
857 2023 1166 2090 lloolosiaoatholica
1176 2021 1345 2106 separavit,
1366 2019 1404 2087 in

158 2127 218 2192 boc
233 2143 308 2212 ergo
332 2129 412 2205 actu,
435 2125 638 2210 permutando
653 2145 763 2210 nempe
777 2127 940 2193 arbitrario
955 2145 1042 2193 suam
1056 2125 1253 2204 sententiam,
1269 2123 1400 2208 deliquit

157 2231 270 2296 888118
291 2231 393 2314 legem
408 2230 440 2294 iio
455 2231 530 2296 tom.
547 2232 575 2294 2.
593 2231 742 2304 8811863,
759 2231 945 2296 contentam.
1005 2243 1009 2254 ·
1071 2251 1074 2260 ·

266 2335 317 2400 14.
340 2333 419 2414 Quia
434 2335 573 2400 sacerdos
589 2335 790 2401 Juszlrieuior
811 2335 917 2400 eodem
938 2335 1075 2418 temporo
1091 2333 1176 2398 8811.
1193 2331 1227 2398 O.
1251 2331 1399 2398 consisto-

153 2438 252 2516 rium,
275 2437 350 2504 dum
372 2457 420 2504 an.
440 2439 705 2524 1845¹illegaliter
727 2439 948 2504 corffioiebatur
971 2440 1004 2504 et
1025 2437 1399 2504 confirmabatur'anima·

152 2551 230 2606 rum
246 2542 346 2608 status
360 2543 517 2608 Ecclesiae
534 2541 753 2622 ansniconsis,
776 2561 868 2628 agere
881 2545 998 2609 -oontra
1012 2541 1196 2608 Caesareum
1211 2540 1398 2606 mandatum

153 2639 234 2710 ausi
245 2646 334 2710 sonte
349 2631 430 2710 wtino
451 2645 559 2712 habito
573 2648 715 2730 respectu
730 2647 867 2712 omnium
882 2646 1098 2730 adjunctorum
1119 2646 1152 2710 et
1170 2644 1397 2712 8888888888-

153 2759 233 2814 nem
257 2748 362 2834 legum
374 2757 385 2830 ,'
404 2749 458 2816 sod
472 2751 635 2834 praecipue
648 2751 796 2816 animum
817 2771 873 2836 pro
890 2753 952 2817 hac
972 2751 1040 2817 vioe
1059 2751 1093 2831 in
1112 2750 1340 2835 'argumentum
1363 2767 1399 2815 ac

154 2853 361 2919 erectorem
375 2855 472 2938 ipsius
487 2855 606 2940 negotii
628 2857 840 2935 convertendo,
863 2855 1136 2923 Mobilooieasi'lt.
1161 2853 1194 2920 G.
1218 2851 1397 2920 consistorio

154 2953 297 3036 maudo32
313 2959 340 3024 1.
356 2951 618 3025 Peroohianorum
632 2959 819 3045 catalogum,
843 2960 879 3024 ut
894 2977 930 3025 ex
945 2949 1037 3042 supra
1049 2957 1158 3024 relatis
1171 2958 1271 3042 patet,
1285 2957 1397 3043 illega-

153 3061 232 3126 liter
254 3079 291 3126 ac
306 3061 479 3142 arbitrario,
502 3065 608 3129 contra
624 3065 682 3130 art.
699 3065 741 3143 4,
758 3065 797 3142 6,
811 3061 923 3142 7.,10.
946 3062 1089 3128 Caesarei
1112 3061 1253 3127 mandati
1274 3060 1401 3145 saepius

156 3163 247 3244 dicti,
271 3163 347 3230 sine'
359 3165 440 3230 scitu
462 3167 494 3232 ei
516 3166 640 3232 decreto
661 3167 731 3238 tiam
752 3166 989 3233 Ecclesiasticus
1008 3167 1077 3231 tum
1100 3165 1200 3230 ciuilis
1221 3164 1398 3249 potestatis,

157 3287 221 3335 non
235 3269 366 3334 serratis
379 3271 535 3336 servandis
550 3273 618 3337 iam
632 3289 725 3356 penes
739 3271 806 3356 ojus
821 3271 1051 3350 confectionem,
1069 3289 1162 3354 quam
1184 3269 1266 3336 circa
1287 3288 1396 3354 appro-

157 3371 325 3466 bationem,
347 3373 402 3438 ubi
424 3373 602 3456 capitularis
622 3375 763 3440 Vioarius
778 3375 871 3440 vnuilo
890 3373 980 3441 modo
1001 3374 1155 3459 particeps
1177 3375 1247 3454 ibit,
1271 3395 1396 3460 compa-

155 3477 278 3544 ratum:
309 3495 345 3542 er
372 3476 493 3542 defectu
516 3468 658 3544 ‘omnium
683 3478 833 3564 legalium
858 3477 1088 3544 formalitatum
1117 3479 1149 3546 ot
1174 3479 1336 3565 praecipue
1364 3481 1421 3548 vi·

158 3579 373 3664 supralaudati
386 3581 527 3646 mandabi
542 3581 695 3662 08888881,
717 3601 774 3648 888
788 3600 849 3648 non
863 3581 968 3668 vigore
984 3584 1042 3649 art.
1059 3583 1122 3650 259
1138 3585 1170 3650 at
1184 3584 1257 3650 263.
1272 3586 1346 3649 tom.
1364 3587 1394 3651 2.
1460 3621 1462 3625 ι
1496 3624 1498 3630 -

159 3667 234 3754 Ood.
256 3684 316 3769 leg.
339 3685 501 3768 illegalem·
526 3687 558 3751 et
580 3685 698 3752 nullam
726 3683 920 3752 validitatem
942 3686 1108 3754 habentem
1137 3704 1313 3774 agnoscere.
1365 3691 1394 3753 2.

159 3786 284 3852 Primus
312 3805 384 3853 vero
410 3787 574 3874 catalogus·
598 3790 680 3855 1843
707 3809 755 3856 an.
784 3790 999 3874 'comparatus,
1022 3791 1075 3875 qui
1095 3793 1166 3876 post
1191 3808 1319 3858 oramen
1339 3809 1395 3877 pro

158 3891 254 3978 legali
268 3907 313 3958 ¹ac
337 3893 483 3958 conformi
505 3911 575 3958 cum
597 3891 745 3960 mandato
768 3893 918 3962 Caesareo
939 3881 1113 3962 declaratus
1135 3897 1193 3975 est,
1216 3913 1251 3964 ex
1273 3893 1395 3984 integro

157 3995 301 4081 legalem,
324 3997 548 4080 immotamque
562 3997 626 4062 vim
639 3997 730 4081 plene
745 4017 923 4066 conservare
938 4000 1039 4066 debet.
1055 4011 1057 4015 ·
1084 3995 1113 4067 3.
1139 3999 1208 4067 Tali
1223 4019 1291 4068 meo
1305 4019 1395 4069 man-

158 4100 231 4166 dato
245 4101 353 4166 multis
375 4101 575 4184 petitionibus
597 4102 852 4184 parochianorum
874 4103 1082 4170 Ozasnicensis
1103 4105 1270 4173 Ecclesiae
1283 4107 1323 4172 ad
1344 4125 1399 4174 mo
1446 4103 1449 4108 ’

137 4201 141 4209 “
157 4203 283 4284 directis
299 4203 427 4268 satisfit:
443 4205 524 4270 unde
540 4207 738 4272 conformiter
753 4207 792 4272 ad
807 4207 1003 4300 validitatem
1017 4209 1152 4295 legalem
1166 4211 1293 4278 tabulae
1312 4209 1393 4278 1848

159 4325 185 4372 a.
202 4307 366 4387 coniectae,
391 4309 542 4374 etomnes
558 4309 1046 4394 8118888111188888818181881,
1092 4315 1121 4380 4.
1145 4313 1246 4394 Quum
1263 4312 1392 4399 donique

159 4411 419 4514 sacramentorum
447 4411 675 4480 administratio
697 4415 853 4480 Ecclesiae
877 4413 1086 4483 Oaasnidensis
1106 4417 1316 4500 parochianis,
1340 4417 1393 4500 qui

155 4512 192 4576 in
216 4511 315 4594 primo
340 4515 516 4581 animarum·
537 4517 623 4582 statu
649 4517 874 4602 designantur,
890 4520 1052 4586 tam'ante
1074 4519 1282 4586 adulteratam
1304 4519 1392 4586 illam

157 4615 290 4684 alteram
314 4617 453 4684 tabulam
483 4619 565 4690 1845
587 4639 640 4688 88.
671 4622 859 4704 ooniacum,
891 4641 983 4708 quam
1005 4622 1102 4690 etium
1126 4625 1233 4708 postca
1258 4641 1313 4708 por
1341 4641 1393 4690 sor
