<?xml version="1.0" encoding="UTF-8"?>
<!DOCTYPE html PUBLIC "-//W3C//DTD XHTML 1.0 Transitional//EN"
    "http://www.w3.org/TR/xhtml1/DTD/xhtml1-transitional.dtd">
<html xmlns="http://www.w3.org/1999/xhtml" xml:lang="en" lang="en">
 <head>
  <title>
</title>
<meta http-equiv="Content-Type" content="text/html;charset=utf-8" />
  <meta name='ocr-system' content='tesseract 3.04.00' />
  <meta name='ocr-capabilities' content='ocr_page ocr_carea ocr_par ocr_line ocrx_word'/>
</head>
<body>
  <div class='ocr_page' id='page_1' title='image "./archivfrkatholi03jurigoog_0353.png"; bbox 0 0 3102 5124; ppageno 0'>
   <div class='ocr_carea' id='block_1_1' title="bbox 304 239 1363 322">
    <p class='ocr_par' dir='ltr' id='par_1_1' title="bbox 304 239 1363 322">
     <span class='ocr_line' id='line_1_1' title="bbox 304 239 1363 322; baseline 0.004 -10"><span class='ocrx_word' id='word_1_1' title='bbox 304 257 387 312; x_wconf 86' lang='lat' dir='ltr'>llebar</span> <span class='ocrx_word' id='word_1_2' title='bbox 404 257 445 312; x_wconf 88' lang='lat' dir='ltr'>dia</span> <span class='ocrx_word' id='word_1_3' title='bbox 464 259 656 322; x_wconf 76' lang='lat' dir='ltr'>Verlclgungen</span> <span class='ocrx_word' id='word_1_4' title='bbox 675 261 721 314; x_wconf 85' lang='lat' dir='ltr'>dar</span> <span class='ocrx_word' id='word_1_5' title='bbox 739 261 832 314; x_wconf 84' lang='lat' dir='ltr'>llirebe</span> <span class='ocrx_word' id='word_1_6' title='bbox 848 261 875 314; x_wconf 84' lang='lat' dir='ltr'>in</span> <span class='ocrx_word' id='word_1_7' title='bbox 895 261 1021 314; x_wconf 81' lang='lat' dir='ltr'>Russland</span> <span class='ocrx_word' id='word_1_8' title='bbox 1039 245 1092 316; x_wconf 83' lang='lat' dir='ltr'>und</span> <span class='ocrx_word' id='word_1_9' title='bbox 1109 260 1195 314; x_wconf 82' lang='lat' dir='ltr'>l&#39;cleu.</span> <span class='ocrx_word' id='word_1_10' title='bbox 1291 239 1363 320; x_wconf 66' lang='lat'>347</span> 
     </span>
    </p>
   </div>
   <div class='ocr_carea' id='block_1_2' title="bbox 129 445 1370 1262">
    <p class='ocr_par' dir='ltr' id='par_1_2' title="bbox 129 445 1370 1262">
     <span class='ocr_line' id='line_1_2' title="bbox 236 445 1366 532; baseline 0.003 -23"><span class='ocrx_word' id='word_1_11' title='bbox 236 447 266 511; x_wconf 89' lang='grc'>8.</span> <span class='ocrx_word' id='word_1_12' title='bbox 290 446 334 512; x_wconf 88' lang='lat' dir='ltr'>Ut</span> <span class='ocrx_word' id='word_1_13' title='bbox 347 445 556 530; x_wconf 84' lang='lat' dir='ltr'>Regularibus</span> <span class='ocrx_word' id='word_1_14' title='bbox 568 447 962 529; x_wconf 85' lang='lat' dir='ltr'>MinistrosProvinciales,</span> <span class='ocrx_word' id='word_1_15' title='bbox 981 447 1165 516; x_wconf 70' lang='lat' dir='ltr'><strong>visitatores</strong></span> <span class='ocrx_word' id='word_1_16' title='bbox 1182 450 1215 515; x_wconf 88' lang='lat' dir='ltr'>et</span> <span class='ocrx_word' id='word_1_17' title='bbox 1228 447 1366 532; x_wconf 89' lang='lat' dir='ltr'>superio·</span> 
     </span>
     <span class='ocr_line' id='line_1_3' title="bbox 129 549 1365 638; baseline 0.004 -26"><span class='ocrx_word' id='word_1_18' title='bbox 129 567 179 612; x_wconf 89' lang='lat' dir='ltr'>res</span> <span class='ocrx_word' id='word_1_19' title='bbox 194 567 274 628; x_wconf 89' lang='lat' dir='ltr'>suos,</span> <span class='ocrx_word' id='word_1_20' title='bbox 294 549 385 633; x_wconf 84' lang='lat' dir='ltr'>juxta</span> <span class='ocrx_word' id='word_1_21' title='bbox 398 549 539 636; x_wconf 88' lang='lat' dir='ltr'>regulam</span> <span class='ocrx_word' id='word_1_22' title='bbox 553 553 791 636; x_wconf 88' lang='lat' dir='ltr'>uniuscujusque</span> <span class='ocrx_word' id='word_1_23' title='bbox 806 553 931 632; x_wconf 90' lang='lat' dir='ltr'>ordinis,</span> <span class='ocrx_word' id='word_1_24' title='bbox 947 554 1091 638; x_wconf 90' lang='lat' dir='ltr'>eligendi,</span> <span class='ocrx_word' id='word_1_25' title='bbox 1105 555 1157 638; x_wconf 89' lang='lat' dir='ltr'>jus</span> <span class='ocrx_word' id='word_1_26' title='bbox 1171 553 1365 620; x_wconf 73' lang='lat' dir='ltr'>restituatur.</span> 
     </span>
     <span class='ocr_line' id='line_1_4' title="bbox 235 653 1367 742; baseline 0.004 -24"><span class='ocrx_word' id='word_1_27' title='bbox 235 654 263 719; x_wconf 88' lang='lat'>9.</span> <span class='ocrx_word' id='word_1_28' title='bbox 287 653 331 720; x_wconf 90' lang='lat' dir='ltr'>Ut</span> <span class='ocrx_word' id='word_1_29' title='bbox 351 673 513 739; x_wconf 85' lang='lat' dir='ltr'>suppressa</span> <span class='ocrx_word' id='word_1_30' title='bbox 535 656 722 722; x_wconf 89' lang='lat' dir='ltr'>monasteria</span> <span class='ocrx_word' id='word_1_31' title='bbox 744 658 775 724; x_wconf 89' lang='lat' dir='ltr'>et</span> <span class='ocrx_word' id='word_1_32' title='bbox 798 659 963 742; x_wconf 72' lang='lat' dir='ltr'>occupatae</span> <span class='ocrx_word' id='word_1_33' title='bbox 978 658 1133 724; x_wconf 75' lang='lat' dir='ltr'>Ecclesiae</span> <span class='ocrx_word' id='word_1_34' title='bbox 1155 677 1174 723; x_wconf 85' lang='lat' dir='ltr'>a</span> <span class='ocrx_word' id='word_1_35' title='bbox 1194 656 1367 742; x_wconf 84' lang='lat' dir='ltr'>Regimine,</span> 
     </span>
     <span class='ocr_line' id='line_1_5' title="bbox 133 755 1367 846; baseline 0.002 -22"><span class='ocrx_word' id='word_1_36' title='bbox 133 757 166 824; x_wconf 89' lang='lat' dir='ltr'>ot</span> <span class='ocrx_word' id='word_1_37' title='bbox 180 755 315 824; x_wconf 89' lang='lat' dir='ltr'>nondum</span> <span class='ocrx_word' id='word_1_38' title='bbox 329 759 362 822; x_wconf 93' lang='lat' dir='ltr'>in</span> <span class='ocrx_word' id='word_1_39' title='bbox 383 777 456 822; x_wconf 88' lang='lat' dir='ltr'>usus</span> <span class='ocrx_word' id='word_1_40' title='bbox 478 759 619 842; x_wconf 85' lang='lat' dir='ltr'>profanos</span> <span class='ocrx_word' id='word_1_41' title='bbox 642 777 813 839; x_wconf 87' lang='lat' dir='ltr'>conversae,</span> <span class='ocrx_word' id='word_1_42' title='bbox 838 779 929 826; x_wconf 88' lang='lat' dir='ltr'>curae</span> <span class='ocrx_word' id='word_1_43' title='bbox 943 761 1170 846; x_wconf 77' lang='lat' dir='ltr'>Episcopornm,</span> <span class='ocrx_word' id='word_1_44' title='bbox 1194 761 1367 839; x_wconf 87' lang='lat' dir='ltr'>instauran-</span> 
     </span>
     <span class='ocr_line' id='line_1_6' title="bbox 131 861 1349 945; baseline 0.004 -19"><span class='ocrx_word' id='word_1_45' title='bbox 131 861 190 928; x_wconf 89' lang='lat' dir='ltr'>dae</span> <span class='ocrx_word' id='word_1_46' title='bbox 212 861 262 926; x_wconf 88' lang='lat' dir='ltr'>vel</span> <span class='ocrx_word' id='word_1_47' title='bbox 283 861 316 926; x_wconf 90' lang='lat' dir='ltr'>in</span> <span class='ocrx_word' id='word_1_48' title='bbox 337 862 403 945; x_wconf 93' lang='lat' dir='ltr'>pios</span> <span class='ocrx_word' id='word_1_49' title='bbox 425 881 500 928; x_wconf 88' lang='lat' dir='ltr'>usus</span> <span class='ocrx_word' id='word_1_50' title='bbox 521 862 742 930; x_wconf 71' lang='lat' dir='ltr'>convertendae</span> <span class='ocrx_word' id='word_1_51' title='bbox 763 862 941 930; x_wconf 88' lang='lat' dir='ltr'>reddantur.</span> <span class='ocrx_word' id='word_1_52' title='bbox 1346 913 1349 922; x_wconf 81' lang='lat'>.</span> 
     </span>
     <span class='ocr_line' id='line_1_7' title="bbox 237 965 1368 1055; baseline 0.005 -25"><span class='ocrx_word' id='word_1_53' title='bbox 237 966 286 1031; x_wconf 83' lang='lat' dir='ltr'>lo.</span> <span class='ocrx_word' id='word_1_54' title='bbox 309 965 353 1032; x_wconf 91' lang='lat' dir='ltr'>Ut</span> <span class='ocrx_word' id='word_1_55' title='bbox 377 966 450 1032; x_wconf 86' lang='lat' dir='ltr'>Loci</span> <span class='ocrx_word' id='word_1_56' title='bbox 476 967 642 1047; x_wconf 78' lang='lat' dir='ltr'>ordinarii,</span> <span class='ocrx_word' id='word_1_57' title='bbox 664 968 697 1034; x_wconf 92' lang='lat' dir='ltr'>in</span> <span class='ocrx_word' id='word_1_58' title='bbox 723 969 864 1035; x_wconf 85' lang='lat' dir='ltr'>omnibus</span> <span class='ocrx_word' id='word_1_59' title='bbox 892 967 1035 1053; x_wconf 79' lang='lat' dir='ltr'>Capellis,</span> <span class='ocrx_word' id='word_1_60' title='bbox 1057 971 1126 1038; x_wconf 88' lang='lat' dir='ltr'>tunr</span> <span class='ocrx_word' id='word_1_61' title='bbox 1148 969 1279 1055; x_wconf 90' lang='lat' dir='ltr'>publicis</span> <span class='ocrx_word' id='word_1_62' title='bbox 1299 971 1368 1036; x_wconf 89' lang='lat' dir='ltr'>tum</span> 
     </span>
     <span class='ocr_line' id='line_1_8' title="bbox 131 1068 1369 1159; baseline 0.003 -25"><span class='ocrx_word' id='word_1_63' title='bbox 131 1068 279 1152; x_wconf 87' lang='lat' dir='ltr'>privatis,</span> <span class='ocrx_word' id='word_1_64' title='bbox 303 1069 413 1142; x_wconf 81' lang='lat' dir='ltr'>erectis</span> <span class='ocrx_word' id='word_1_65' title='bbox 434 1071 483 1138; x_wconf 91' lang='lat' dir='ltr'>vel</span> <span class='ocrx_word' id='word_1_66' title='bbox 504 1071 666 1156; x_wconf 76' lang='lat' dir='ltr'>erigendis,</span> <span class='ocrx_word' id='word_1_67' title='bbox 691 1073 786 1156; x_wconf 51' lang='lat' dir='ltr'>atque¹</span> <span class='ocrx_word' id='word_1_68' title='bbox 811 1093 830 1139; x_wconf 86' lang='lat' dir='ltr'>a</span> <span class='ocrx_word' id='word_1_69' title='bbox 854 1073 1034 1159; x_wconf 63' lang='lat' dir='ltr'>Rogimina</span> <span class='ocrx_word' id='word_1_70' title='bbox 1065 1091 1136 1140; x_wconf 88' lang='lat' dir='ltr'>cnm</span> <span class='ocrx_word' id='word_1_71' title='bbox 1164 1074 1369 1158; x_wconf 85' lang='lat' dir='ltr'>prohibitione</span> 
     </span>
     <span class='ocr_line' id='line_1_9' title="bbox 134 1173 1370 1262; baseline 0.002 -22"><span class='ocrx_word' id='word_1_72' title='bbox 134 1192 301 1252; x_wconf 87' lang='lat' dir='ltr'>sacrorum,</span> <span class='ocrx_word' id='word_1_73' title='bbox 324 1173 662 1254; x_wconf 57' lang='lat' dir='ltr'>clausissauctoritate</span> <span class='ocrx_word' id='word_1_74' title='bbox 688 1195 745 1242; x_wconf 89' lang='lat' dir='ltr'>sua</span> <span class='ocrx_word' id='word_1_75' title='bbox 770 1177 886 1262; x_wconf 84' lang='lat' dir='ltr'>absque</span> <span class='ocrx_word' id='word_1_76' title='bbox 907 1178 972 1244; x_wconf 88' lang='lat' dir='ltr'>ulla</span> <span class='ocrx_word' id='word_1_77' title='bbox 997 1178 1189 1244; x_wconf 86' lang='lat' dir='ltr'>restrictione</span> <span class='ocrx_word' id='word_1_78' title='bbox 1212 1178 1244 1244; x_wconf 91' lang='lat' dir='ltr'>et</span> <span class='ocrx_word' id='word_1_79' title='bbox 1265 1177 1370 1244; x_wconf 86' lang='lat' dir='ltr'>obsta·</span> 
     </span>
    </p>
   </div>
   <div class='ocr_carea' id='block_1_3' title="bbox 132 1277 1422 1575">
    <p class='ocr_par' dir='ltr' id='par_1_3' title="bbox 132 1277 1422 1575">
     <span class='ocr_line' id='line_1_10' title="bbox 132 1277 1422 1367; baseline 0.003 -25"><span class='ocrx_word' id='word_1_80' title='bbox 132 1277 201 1342; x_wconf 88' lang='lat' dir='ltr'>culo</span> <span class='ocrx_word' id='word_1_81' title='bbox 223 1277 343 1360; x_wconf 82' lang='lat' dir='ltr'>possint</span> <span class='ocrx_word' id='word_1_82' title='bbox 364 1279 546 1346; x_wconf 84' lang='lat' dir='ltr'>facultatem</span> <span class='ocrx_word' id='word_1_83' title='bbox 572 1281 735 1347; x_wconf 88' lang='lat' dir='ltr'>concedere</span> <span class='ocrx_word' id='word_1_84' title='bbox 761 1282 883 1362; x_wconf 87' lang='lat' dir='ltr'>Missas,</span> <span class='ocrx_word' id='word_1_85' title='bbox 907 1282 1106 1367; x_wconf 63' lang='lat' dir='ltr'>manumque</span> <span class='ocrx_word' id='word_1_86' title='bbox 1131 1283 1268 1350; x_wconf 85' lang='lat' dir='ltr'>officium</span> <span class='ocrx_word' id='word_1_87' title='bbox 1289 1281 1370 1346; x_wconf 89' lang='lat' dir='ltr'>celc-</span> <span class='ocrx_word' id='word_1_88' title='bbox 1420 1333 1422 1340; x_wconf 67' lang='grc'>,</span> 
     </span>
     <span class='ocr_line' id='line_1_11' title="bbox 132 1381 1369 1471; baseline 0.002 -23"><span class='ocrx_word' id='word_1_89' title='bbox 132 1381 254 1462; x_wconf 90' lang='lat' dir='ltr'>brandi,</span> <span class='ocrx_word' id='word_1_90' title='bbox 275 1384 468 1450; x_wconf 88' lang='lat' dir='ltr'>sacramenta</span> <span class='ocrx_word' id='word_1_91' title='bbox 483 1383 730 1466; x_wconf 86' lang='lat' dir='ltr'>administrandi,</span> <span class='ocrx_word' id='word_1_92' title='bbox 753 1387 856 1471; x_wconf 87' lang='lat' dir='ltr'>atque,</span> <span class='ocrx_word' id='word_1_93' title='bbox 879 1388 906 1452; x_wconf 90' lang='lat' dir='ltr'>si</span> <span class='ocrx_word' id='word_1_94' title='bbox 923 1387 1103 1471; x_wconf 84' lang='lat' dir='ltr'>oportuerit,</span> <span class='ocrx_word' id='word_1_95' title='bbox 1126 1387 1252 1452; x_wconf 89' lang='lat' dir='ltr'>mittere</span> <span class='ocrx_word' id='word_1_96' title='bbox 1269 1403 1369 1452; x_wconf 88' lang='lat' dir='ltr'>sacer·</span> 
     </span>
     <span class='ocr_line' id='line_1_12' title="bbox 134 1484 1234 1575; baseline 0.004 -23"><span class='ocrx_word' id='word_1_97' title='bbox 134 1485 231 1565; x_wconf 85' lang='lat' dir='ltr'>dotes,</span> <span class='ocrx_word' id='word_1_98' title='bbox 254 1484 308 1570; x_wconf 89' lang='lat' dir='ltr'>qui</span> <span class='ocrx_word' id='word_1_99' title='bbox 322 1485 467 1554; x_wconf 91' lang='lat' dir='ltr'>continuo</span> <span class='ocrx_word' id='word_1_100' title='bbox 481 1506 574 1570; x_wconf 84' lang='lat' dir='ltr'>porres</span> <span class='ocrx_word' id='word_1_101' title='bbox 595 1488 667 1554; x_wconf 89' lang='lat' dir='ltr'>illas</span> <span class='ocrx_word' id='word_1_102' title='bbox 688 1489 859 1556; x_wconf 81' lang='lat' dir='ltr'>residerent</span> <span class='ocrx_word' id='word_1_103' title='bbox 881 1492 1029 1574; x_wconf 87' lang='lat' dir='ltr'>tanquam</span> <span class='ocrx_word' id='word_1_104' title='bbox 1044 1489 1234 1575; x_wconf 78' lang='lat' dir='ltr'>Coppellani.</span> 
     </span>
    </p>
   </div>
   <div class='ocr_carea' id='block_1_4' title="bbox 87 1588 1446 3652">
    <p class='ocr_par' dir='ltr' id='par_1_4' title="bbox 87 1588 1371 1880">
     <span class='ocr_line' id='line_1_13' title="bbox 240 1588 1369 1678; baseline 0.004 -26"><span class='ocrx_word' id='word_1_105' title='bbox 240 1589 288 1654; x_wconf 93' lang='grc'>11.</span> <span class='ocrx_word' id='word_1_106' title='bbox 311 1589 355 1655; x_wconf 90' lang='lat' dir='ltr'>Ut</span> <span class='ocrx_word' id='word_1_107' title='bbox 380 1588 420 1656; x_wconf 90' lang='lat' dir='ltr'>ad</span> <span class='ocrx_word' id='word_1_108' title='bbox 446 1607 560 1668; x_wconf 85' lang='lat' dir='ltr'>omnes,</span> <span class='ocrx_word' id='word_1_109' title='bbox 582 1591 615 1656; x_wconf 94' lang='lat' dir='ltr'>in</span> <span class='ocrx_word' id='word_1_110' title='bbox 640 1609 824 1676; x_wconf 86' lang='lat' dir='ltr'>unaquaque</span> <span class='ocrx_word' id='word_1_111' title='bbox 849 1593 999 1673; x_wconf 87' lang='lat' dir='ltr'>Dioecesi,</span> <span class='ocrx_word' id='word_1_112' title='bbox 1021 1593 1274 1678; x_wconf 84' lang='lat' dir='ltr'>Snffraganeatus</span> <span class='ocrx_word' id='word_1_113' title='bbox 1296 1612 1315 1658; x_wconf 87' lang='lat' dir='ltr'>a</span> <span class='ocrx_word' id='word_1_114' title='bbox 1338 1589 1369 1657; x_wconf 89' lang='lat' dir='ltr'>S.</span> 
     </span>
     <span class='ocr_line' id='line_1_14' title="bbox 87 1690 1371 1780; baseline 0.003 -24"><span class='ocrx_word' id='word_1_115' title='bbox 87 1769 88 1772; x_wconf 8' lang='grc' dir='ltr'><strong>Ἴ</strong></span> <span class='ocrx_word' id='word_1_116' title='bbox 135 1690 212 1756; x_wconf 82' lang='lat' dir='ltr'>Sede</span> <span class='ocrx_word' id='word_1_117' title='bbox 227 1692 390 1758; x_wconf 88' lang='lat' dir='ltr'>novissime</span> <span class='ocrx_word' id='word_1_118' title='bbox 406 1692 636 1774; x_wconf 87' lang='lat' dir='ltr'>determinatos,</span> <span class='ocrx_word' id='word_1_119' title='bbox 658 1695 856 1780; x_wconf 82' lang='lat' dir='ltr'>adpraesens</span> <span class='ocrx_word' id='word_1_120' title='bbox 871 1698 977 1765; x_wconf 65' lang='lat' dir='ltr'>numm</span> <span class='ocrx_word' id='word_1_121' title='bbox 991 1699 1146 1777; x_wconf 86' lang='lat' dir='ltr'>vacantes,</span> <span class='ocrx_word' id='word_1_122' title='bbox 1169 1715 1238 1763; x_wconf 87' lang='lat' dir='ltr'>mox</span> <span class='ocrx_word' id='word_1_123' title='bbox 1253 1695 1371 1764; x_wconf 86' lang='lat' dir='ltr'>Suffra-</span> 
     </span>
     <span class='ocr_line' id='line_1_15' title="bbox 132 1795 487 1880; baseline 0.006 -18"><span class='ocrx_word' id='word_1_124' title='bbox 132 1795 228 1880; x_wconf 85' lang='lat' dir='ltr'>ganei</span> <span class='ocrx_word' id='word_1_125' title='bbox 240 1797 487 1878; x_wconf 86' lang='lat' dir='ltr'>promoveantur.</span> 
     </span>
    </p>

    <p class='ocr_par' dir='ltr' id='par_1_5' title="bbox 135 1899 1371 2088">
     <span class='ocr_line' id='line_1_16' title="bbox 242 1899 1371 1989; baseline 0.005 -25"><span class='ocrx_word' id='word_1_126' title='bbox 242 1901 289 1964; x_wconf 66' lang='lat'>122</span> <span class='ocrx_word' id='word_1_127' title='bbox 312 1899 356 1966; x_wconf 89' lang='lat' dir='ltr'>Ut</span> <span class='ocrx_word' id='word_1_128' title='bbox 377 1900 467 1966; x_wconf 84' lang='lat' dir='ltr'>valde</span> <span class='ocrx_word' id='word_1_129' title='bbox 488 1901 591 1968; x_wconf 88' lang='lat' dir='ltr'>tenuis</span> <span class='ocrx_word' id='word_1_130' title='bbox 611 1903 717 1986; x_wconf 90' lang='lat' dir='ltr'>pensio</span> <span class='ocrx_word' id='word_1_131' title='bbox 739 1903 897 1989; x_wconf 85' lang='lat' dir='ltr'>assignata</span> <span class='ocrx_word' id='word_1_132' title='bbox 918 1903 1026 1972; x_wconf 89' lang='lat' dir='ltr'>afisco</span> <span class='ocrx_word' id='word_1_133' title='bbox 1041 1904 1199 1988; x_wconf 82' lang='lat' dir='ltr'>praelatis,</span> <span class='ocrx_word' id='word_1_134' title='bbox 1221 1923 1258 1969; x_wconf 90' lang='lat' dir='ltr'>ac</span> <span class='ocrx_word' id='word_1_135' title='bbox 1280 1921 1371 1970; x_wconf 87' lang='lat' dir='ltr'>cauo·</span> 
     </span>
     <span class='ocr_line' id='line_1_17' title="bbox 135 2003 397 2088; baseline 0 -18"><span class='ocrx_word' id='word_1_136' title='bbox 135 2003 214 2070; x_wconf 87' lang='lat' dir='ltr'>nicia</span> <span class='ocrx_word' id='word_1_137' title='bbox 237 2005 397 2088; x_wconf 83' lang='lat' dir='ltr'>augeatur.</span> 
     </span>
    </p>

    <p class='ocr_par' dir='ltr' id='par_1_6' title="bbox 159 2108 1230 2196">
     <span class='ocr_line' id='line_1_18' title="bbox 159 2108 1230 2196; baseline 0.004 -24"><span class='ocrx_word' id='word_1_138' title='bbox 159 2131 166 2140; x_wconf 53' lang='grc'><strong>“</strong></span> <span class='ocrx_word' id='word_1_139' title='bbox 242 2109 291 2174; x_wconf 89' lang='grc'>13.</span> <span class='ocrx_word' id='word_1_140' title='bbox 313 2109 356 2174; x_wconf 90' lang='lat' dir='ltr'>Ut</span> <span class='ocrx_word' id='word_1_141' title='bbox 370 2109 467 2174; x_wconf 89' lang='lat' dir='ltr'>simili</span> <span class='ocrx_word' id='word_1_142' title='bbox 480 2108 598 2176; x_wconf 89' lang='lat' dir='ltr'>ratione</span> <span class='ocrx_word' id='word_1_143' title='bbox 613 2112 766 2196; x_wconf 81' lang='lat' dir='ltr'>augeatur</span> <span class='ocrx_word' id='word_1_144' title='bbox 775 2111 882 2178; x_wconf 88' lang='lat' dir='ltr'>tennis</span> <span class='ocrx_word' id='word_1_145' title='bbox 897 2111 1003 2194; x_wconf 89' lang='lat' dir='ltr'>pensio</span> <span class='ocrx_word' id='word_1_146' title='bbox 1017 2110 1230 2196; x_wconf 85' lang='lat' dir='ltr'>parochorum.</span> 
     </span>
    </p>

    <p class='ocr_par' dir='ltr' id='par_1_7' title="bbox 135 2213 1374 2506">
     <span class='ocr_line' id='line_1_19' title="bbox 241 2213 1374 2302; baseline 0.004 -26"><span class='ocrx_word' id='word_1_147' title='bbox 241 2213 290 2276; x_wconf 88' lang='grc'>14.</span> <span class='ocrx_word' id='word_1_148' title='bbox 313 2213 357 2280; x_wconf 87' lang='lat' dir='ltr'>Ut</span> <span class='ocrx_word' id='word_1_149' title='bbox 370 2213 404 2278; x_wconf 92' lang='lat' dir='ltr'>in</span> <span class='ocrx_word' id='word_1_150' title='bbox 418 2213 591 2280; x_wconf 88' lang='lat' dir='ltr'>seminariis</span> <span class='ocrx_word' id='word_1_151' title='bbox 605 2217 638 2281; x_wconf 86' lang='lat' dir='ltr'>et</span> <span class='ocrx_word' id='word_1_152' title='bbox 653 2233 799 2282; x_wconf 88' lang='lat' dir='ltr'>numerus</span> <span class='ocrx_word' id='word_1_153' title='bbox 813 2217 1006 2282; x_wconf 89' lang='lat' dir='ltr'>alumnorum</span> <span class='ocrx_word' id='word_1_154' title='bbox 1029 2217 1182 2302; x_wconf 87' lang='lat' dir='ltr'>angeatur</span> <span class='ocrx_word' id='word_1_155' title='bbox 1197 2215 1229 2280; x_wconf 91' lang='lat' dir='ltr'>et</span> <span class='ocrx_word' id='word_1_156' title='bbox 1243 2213 1374 2300; x_wconf 88' lang='lat' dir='ltr'>pecunia</span> 
     </span>
     <span class='ocr_line' id='line_1_20' title="bbox 136 2319 1374 2405; baseline 0.005 -25"><span class='ocrx_word' id='word_1_157' title='bbox 136 2335 191 2399; x_wconf 89' lang='lat' dir='ltr'>pro</span> <span class='ocrx_word' id='word_1_158' title='bbox 207 2335 342 2402; x_wconf 88' lang='lat' dir='ltr'>congrua</span> <span class='ocrx_word' id='word_1_159' title='bbox 357 2319 583 2387; x_wconf 88' lang='lat' dir='ltr'>sustentatione</span> <span class='ocrx_word' id='word_1_160' title='bbox 596 2339 701 2386; x_wconf 85' lang='lat' dir='ltr'>eorum</span> <span class='ocrx_word' id='word_1_161' title='bbox 715 2320 750 2385; x_wconf 92' lang='lat' dir='ltr'>in</span> <span class='ocrx_word' id='word_1_162' title='bbox 763 2319 873 2405; x_wconf 86' lang='lat' dir='ltr'>majori</span> <span class='ocrx_word' id='word_1_163' title='bbox 890 2321 930 2387; x_wconf 94' lang='lat' dir='ltr'>ob</span> <span class='ocrx_word' id='word_1_164' title='bbox 945 2319 1109 2388; x_wconf 85' lang='lat' dir='ltr'>caritatem</span> <span class='ocrx_word' id='word_1_165' title='bbox 1124 2339 1260 2386; x_wconf 88' lang='lat' dir='ltr'>annonae</span> <span class='ocrx_word' id='word_1_166' title='bbox 1275 2337 1374 2403; x_wconf 88' lang='lat' dir='ltr'>quan-</span> 
     </span>
     <span class='ocr_line' id='line_1_21' title="bbox 135 2418 626 2506; baseline 0.012 -22"><span class='ocrx_word' id='word_1_167' title='bbox 135 2418 229 2486; x_wconf 90' lang='lat' dir='ltr'>titate</span> <span class='ocrx_word' id='word_1_168' title='bbox 251 2439 287 2484; x_wconf 85' lang='lat' dir='ltr'>er</span> <span class='ocrx_word' id='word_1_169' title='bbox 307 2419 389 2490; x_wconf 70' lang='lat' dir='ltr'>fisco,</span> <span class='ocrx_word' id='word_1_170' title='bbox 403 2423 626 2506; x_wconf 83' lang='lat' dir='ltr'>suppeditetur.</span> 
     </span>
    </p>

    <p class='ocr_par' dir='ltr' id='par_1_8' title="bbox 137 2525 1375 2698">
     <span class='ocr_line' id='line_1_22' title="bbox 243 2525 1375 2611; baseline 0.003 -22"><span class='ocrx_word' id='word_1_171' title='bbox 243 2525 291 2590; x_wconf 91' lang='lat'>15.</span> <span class='ocrx_word' id='word_1_172' title='bbox 313 2525 357 2590; x_wconf 89' lang='lat' dir='ltr'>Ut</span> <span class='ocrx_word' id='word_1_173' title='bbox 382 2527 512 2610; x_wconf 75' lang='lat' dir='ltr'>peccunia</span> <span class='ocrx_word' id='word_1_174' title='bbox 537 2547 591 2611; x_wconf 91' lang='lat' dir='ltr'>pro</span> <span class='ocrx_word' id='word_1_175' title='bbox 616 2529 840 2605; x_wconf 81' lang='lat' dir='ltr'>sustentatione</span> <span class='ocrx_word' id='word_1_176' title='bbox 865 2525 1080 2596; x_wconf 78' lang='lat' dir='ltr'>invalidorum</span> <span class='ocrx_word' id='word_1_177' title='bbox 1100 2527 1294 2596; x_wconf 87' lang='lat' dir='ltr'>sacerdotum</span> <span class='ocrx_word' id='word_1_178' title='bbox 1321 2546 1375 2593; x_wconf 94' lang='lat' dir='ltr'>cu-</span> 
     </span>
     <span class='ocr_line' id='line_1_23' title="bbox 137 2629 604 2698; baseline 0 -2"><span class='ocrx_word' id='word_1_179' title='bbox 137 2630 286 2698; x_wconf 86' lang='lat' dir='ltr'>mulatius</span> <span class='ocrx_word' id='word_1_180' title='bbox 307 2629 523 2696; x_wconf 81' lang='lat' dir='ltr'>subministret</span> <span class='ocrx_word' id='word_1_181' title='bbox 561 2683 568 2697; x_wconf 92' lang='lat'>.</span> <span class='ocrx_word' id='word_1_182' title='bbox 603 2683 604 2686; x_wconf 15' lang='grc' dir='ltr'>η</span> 
     </span>
    </p>

    <p class='ocr_par' dir='ltr' id='par_1_9' title="bbox 137 2735 1446 2924">
     <span class='ocr_line' id='line_1_24' title="bbox 243 2735 1446 2816; baseline 0.002 -16"><span class='ocrx_word' id='word_1_183' title='bbox 243 2736 293 2800; x_wconf 89' lang='grc'>16.</span> <span class='ocrx_word' id='word_1_184' title='bbox 316 2735 361 2801; x_wconf 86' lang='lat' dir='ltr'>Ut</span> <span class='ocrx_word' id='word_1_185' title='bbox 375 2735 414 2801; x_wconf 95' lang='lat' dir='ltr'>ob</span> <span class='ocrx_word' id='word_1_186' title='bbox 428 2737 557 2802; x_wconf 88' lang='lat' dir='ltr'>eandem</span> <span class='ocrx_word' id='word_1_187' title='bbox 573 2737 735 2805; x_wconf 86' lang='lat' dir='ltr'>acritatem</span> <span class='ocrx_word' id='word_1_188' title='bbox 757 2755 895 2804; x_wconf 85' lang='lat' dir='ltr'>annonae</span> <span class='ocrx_word' id='word_1_189' title='bbox 909 2737 978 2802; x_wconf 90' lang='lat' dir='ltr'>tum</span> <span class='ocrx_word' id='word_1_190' title='bbox 993 2735 1122 2816; x_wconf 90' lang='lat' dir='ltr'>clericis,</span> <span class='ocrx_word' id='word_1_191' title='bbox 1146 2737 1215 2803; x_wconf 91' lang='lat' dir='ltr'>tum</span> <span class='ocrx_word' id='word_1_192' title='bbox 1232 2737 1322 2803; x_wconf 88' lang='lat' dir='ltr'>laicis</span> <span class='ocrx_word' id='word_1_193' title='bbox 1336 2737 1376 2804; x_wconf 87' lang='lat' dir='ltr'>ad</span> <span class='ocrx_word' id='word_1_194' title='bbox 1445 2771 1446 2774; x_wconf 17' lang='grc' dir='ltr'>π</span> 
     </span>
     <span class='ocr_line' id='line_1_25' title="bbox 137 2839 1033 2924; baseline 0.002 -20"><span class='ocrx_word' id='word_1_195' title='bbox 137 2840 239 2904; x_wconf 86' lang='lat' dir='ltr'>torum</span> <span class='ocrx_word' id='word_1_196' title='bbox 254 2839 497 2906; x_wconf 85' lang='lat' dir='ltr'>ecclesiasticum</span> <span class='ocrx_word' id='word_1_197' title='bbox 511 2840 737 2924; x_wconf 84' lang='lat' dir='ltr'>pertinentibus</span> <span class='ocrx_word' id='word_1_198' title='bbox 751 2841 857 2923; x_wconf 89' lang='lat' dir='ltr'>pensio</span> <span class='ocrx_word' id='word_1_199' title='bbox 872 2841 1033 2924; x_wconf 85' lang='lat' dir='ltr'>augeatur.</span> 
     </span>
    </p>

    <p class='ocr_par' dir='ltr' id='par_1_10' title="bbox 139 2943 1378 3652">
     <span class='ocr_line' id='line_1_26' title="bbox 243 2943 1376 3029; baseline 0.003 -21"><span class='ocrx_word' id='word_1_200' title='bbox 243 2944 409 3010; x_wconf 86' lang='lat' dir='ltr'>Praeterea</span> <span class='ocrx_word' id='word_1_201' title='bbox 423 2943 565 3028; x_wconf 85' lang='lat' dir='ltr'>ldpiscopi</span> <span class='ocrx_word' id='word_1_202' title='bbox 586 2944 761 3028; x_wconf 85' lang='lat' dir='ltr'>specialiter</span> <span class='ocrx_word' id='word_1_203' title='bbox 781 2945 932 3029; x_wconf 85' lang='lat' dir='ltr'>roganmt</span> <span class='ocrx_word' id='word_1_204' title='bbox 955 2945 987 3010; x_wconf 91' lang='lat' dir='ltr'>et</span> <span class='ocrx_word' id='word_1_205' title='bbox 1009 2943 1133 3028; x_wconf 88' lang='lat' dir='ltr'>quidem</span> <span class='ocrx_word' id='word_1_206' title='bbox 1151 2944 1316 3022; x_wconf 88' lang='lat' dir='ltr'>Vilnensis,</span> <span class='ocrx_word' id='word_1_207' title='bbox 1339 2945 1376 3011; x_wconf 90' lang='lat' dir='ltr'>ut</span> 
     </span>
     <span class='ocr_line' id='line_1_27' title="bbox 139 3047 1377 3132; baseline 0.001 -19"><span class='ocrx_word' id='word_1_208' title='bbox 139 3047 369 3132; x_wconf 81' lang='lat' dir='ltr'>receptaculum</span> <span class='ocrx_word' id='word_1_209' title='bbox 398 3048 597 3114; x_wconf 89' lang='lat' dir='ltr'>emeritorum</span> <span class='ocrx_word' id='word_1_210' title='bbox 623 3049 655 3114; x_wconf 86' lang='lat' dir='ltr'>et</span> <span class='ocrx_word' id='word_1_211' title='bbox 676 3047 899 3126; x_wconf 85' lang='lat' dir='ltr'>invalidorum,</span> <span class='ocrx_word' id='word_1_212' title='bbox 930 3049 1023 3132; x_wconf 84' lang='lat' dir='ltr'>atque</span> <span class='ocrx_word' id='word_1_213' title='bbox 1050 3047 1158 3114; x_wconf 89' lang='lat' dir='ltr'>domus</span> <span class='ocrx_word' id='word_1_214' title='bbox 1181 3048 1377 3114; x_wconf 85' lang='lat' dir='ltr'>correctionis</span> 
     </span>
     <span class='ocr_line' id='line_1_28' title="bbox 139 3150 1378 3237; baseline 0 -19"><span class='ocrx_word' id='word_1_215' title='bbox 139 3151 359 3234; x_wconf 86' lang='lat' dir='ltr'>demeritorum</span> <span class='ocrx_word' id='word_1_216' title='bbox 375 3150 575 3218; x_wconf 82' lang='lat' dir='ltr'>Sacerdotem</span> <span class='ocrx_word' id='word_1_217' title='bbox 590 3152 738 3237; x_wconf 89' lang='lat' dir='ltr'>erigatur.</span> <span class='ocrx_word' id='word_1_218' title='bbox 782 3151 1029 3236; x_wconf 81' lang='lat' dir='ltr'>Samogdtiensis,</span> <span class='ocrx_word' id='word_1_219' title='bbox 1051 3153 1087 3217; x_wconf 91' lang='lat' dir='ltr'>ut</span> <span class='ocrx_word' id='word_1_220' title='bbox 1110 3153 1295 3235; x_wconf 87' lang='lat' dir='ltr'>Praeceptor</span> <span class='ocrx_word' id='word_1_221' title='bbox 1316 3151 1378 3218; x_wconf 91' lang='lat' dir='ltr'>lin-</span> 
     </span>
     <span class='ocr_line' id='line_1_29' title="bbox 141 3254 1375 3342; baseline -0.002 -20"><span class='ocrx_word' id='word_1_222' title='bbox 141 3274 221 3342; x_wconf 84' lang='lat' dir='ltr'>guae</span> <span class='ocrx_word' id='word_1_223' title='bbox 236 3256 430 3340; x_wconf 84' lang='lat' dir='ltr'>germanicae</span> <span class='ocrx_word' id='word_1_224' title='bbox 445 3256 477 3320; x_wconf 93' lang='lat' dir='ltr'>in</span> <span class='ocrx_word' id='word_1_225' title='bbox 489 3254 659 3322; x_wconf 86' lang='lat' dir='ltr'>Seminario</span> <span class='ocrx_word' id='word_1_226' title='bbox 673 3256 741 3340; x_wconf 88' lang='lat' dir='ltr'>ejus</span> <span class='ocrx_word' id='word_1_227' title='bbox 756 3256 971 3322; x_wconf 85' lang='lat' dir='ltr'>constituatur.</span> <span class='ocrx_word' id='word_1_228' title='bbox 1001 3255 1375 3340; x_wconf 83' lang='lat' dir='ltr'>Lucem-Zytomiriensis,</span> 
     </span>
     <span class='ocr_line' id='line_1_30' title="bbox 141 3357 1377 3444; baseline -0.002 -18"><span class='ocrx_word' id='word_1_229' title='bbox 141 3361 177 3426; x_wconf 88' lang='lat' dir='ltr'>ut</span> <span class='ocrx_word' id='word_1_230' title='bbox 192 3377 337 3425; x_wconf 90' lang='lat' dir='ltr'>numerus</span> <span class='ocrx_word' id='word_1_231' title='bbox 353 3359 583 3426; x_wconf 88' lang='lat' dir='ltr'>tabulariorum</span> <span class='ocrx_word' id='word_1_232' title='bbox 606 3361 638 3426; x_wconf 89' lang='lat' dir='ltr'>et</span> <span class='ocrx_word' id='word_1_233' title='bbox 652 3360 822 3426; x_wconf 87' lang='lat' dir='ltr'>scribarum</span> <span class='ocrx_word' id='word_1_234' title='bbox 846 3359 879 3424; x_wconf 91' lang='lat' dir='ltr'>in</span> <span class='ocrx_word' id='word_1_235' title='bbox 897 3359 1074 3426; x_wconf 88' lang='lat' dir='ltr'>consistorio</span> <span class='ocrx_word' id='word_1_236' title='bbox 1104 3361 1265 3444; x_wconf 87' lang='lat' dir='ltr'>augeatur.</span> <span class='ocrx_word' id='word_1_237' title='bbox 1318 3357 1377 3424; x_wconf 80' lang='lat' dir='ltr'>Sa·</span> 
     </span>
     <span class='ocr_line' id='line_1_31' title="bbox 140 3451 1375 3531; baseline -0.001 -1"><span class='ocrx_word' id='word_1_238' title='bbox 140 3464 328 3530; x_wconf 83' lang='lat' dir='ltr'>menenensis</span> <span class='ocrx_word' id='word_1_239' title='bbox 342 3465 379 3528; x_wconf 93' lang='lat' dir='ltr'>ut</span> <span class='ocrx_word' id='word_1_240' title='bbox 401 3451 624 3531; x_wconf 85' lang='lat' dir='ltr'>monasterinm</span> <span class='ocrx_word' id='word_1_241' title='bbox 646 3464 748 3530; x_wconf 87' lang='lat' dir='ltr'>diotae</span> <span class='ocrx_word' id='word_1_242' title='bbox 766 3463 901 3530; x_wconf 87' lang='lat' dir='ltr'>civitatis</span> <span class='ocrx_word' id='word_1_243' title='bbox 917 3463 1061 3530; x_wconf 89' lang='lat' dir='ltr'>Sororum</span> <span class='ocrx_word' id='word_1_244' title='bbox 1074 3463 1271 3530; x_wconf 74' lang='lat' dir='ltr'>visitationis</span> <span class='ocrx_word' id='word_1_245' title='bbox 1286 3463 1323 3526; x_wconf 91' lang='lat' dir='ltr'>B.</span> <span class='ocrx_word' id='word_1_246' title='bbox 1338 3461 1375 3529; x_wconf 86' lang='lat' dir='ltr'>V.</span> 
     </span>
     <span class='ocr_line' id='line_1_32' title="bbox 141 3567 1378 3652; baseline -0.002 -17"><span class='ocrx_word' id='word_1_247' title='bbox 141 3569 259 3635; x_wconf 88' lang='lat' dir='ltr'>Mariae</span> <span class='ocrx_word' id='word_1_248' title='bbox 275 3569 360 3634; x_wconf 81' lang='lat' dir='ltr'>extra</span> <span class='ocrx_word' id='word_1_249' title='bbox 375 3569 492 3634; x_wconf 86' lang='lat' dir='ltr'>statum</span> <span class='ocrx_word' id='word_1_250' title='bbox 514 3568 659 3652; x_wconf 91' lang='lat' dir='ltr'>positum,</span> <span class='ocrx_word' id='word_1_251' title='bbox 681 3567 765 3634; x_wconf 88' lang='lat' dir='ltr'>intra</span> <span class='ocrx_word' id='word_1_252' title='bbox 781 3569 898 3642; x_wconf 87' lang='lat' dir='ltr'>statum</span> <span class='ocrx_word' id='word_1_253' title='bbox 914 3568 1101 3648; x_wconf 88' lang='lat' dir='ltr'>numeretur,</span> <span class='ocrx_word' id='word_1_254' title='bbox 1126 3567 1249 3633; x_wconf 85' lang='lat' dir='ltr'>etiamsi</span> <span class='ocrx_word' id='word_1_255' title='bbox 1263 3567 1378 3650; x_wconf 88' lang='lat' dir='ltr'>absque</span> 
     </span>
    </p>
   </div>
   <div class='ocr_carea' id='block_1_5' title="bbox 107 3670 1482 3762">
    <p class='ocr_par' dir='ltr' id='par_1_11' title="bbox 107 3670 1482 3762">
     <span class='ocr_line' id='line_1_33' title="bbox 107 3670 1482 3762; baseline 0 -25"><span class='ocrx_word' id='word_1_256' title='bbox 107 3749 118 3762; x_wconf 41' lang='grc'><strong>,</strong></span> <span class='ocrx_word' id='word_1_257' title='bbox 141 3673 284 3756; x_wconf 87' lang='lat' dir='ltr'>pensione</span> <span class='ocrx_word' id='word_1_258' title='bbox 307 3671 415 3734; x_wconf 86' lang='lat' dir='ltr'>aiisco</span> <span class='ocrx_word' id='word_1_259' title='bbox 439 3672 471 3736; x_wconf 88' lang='lat' dir='ltr'>et</span> <span class='ocrx_word' id='word_1_260' title='bbox 486 3671 594 3736; x_wconf 87' lang='lat' dir='ltr'>domus</span> <span class='ocrx_word' id='word_1_261' title='bbox 609 3671 806 3738; x_wconf 87' lang='lat' dir='ltr'>correctionis</span> <span class='ocrx_word' id='word_1_262' title='bbox 828 3691 882 3754; x_wconf 91' lang='lat' dir='ltr'>pro</span> <span class='ocrx_word' id='word_1_263' title='bbox 904 3672 1062 3738; x_wconf 77' lang='lat' dir='ltr'>dementis</span> <span class='ocrx_word' id='word_1_264' title='bbox 1077 3671 1294 3738; x_wconf 80' lang='lat' dir='ltr'>Sacerdotibus</span> <span class='ocrx_word' id='word_1_265' title='bbox 1317 3670 1378 3737; x_wconf 88' lang='lat' dir='ltr'>eri-</span> <span class='ocrx_word' id='word_1_266' title='bbox 1478 3702 1482 3710; x_wconf 59' lang='lat'>¹</span> 
     </span>
    </p>
   </div>
   <div class='ocr_carea' id='block_1_6' title="bbox 59 3771 1380 4684">
    <p class='ocr_par' dir='ltr' id='par_1_12' title="bbox 59 3771 1380 4464">
     <span class='ocr_line' id='line_1_34' title="bbox 142 3771 1379 3864; baseline -0.002 -24"><span class='ocrx_word' id='word_1_267' title='bbox 142 3776 245 3860; x_wconf 86' lang='lat' dir='ltr'>gatar.</span> <span class='ocrx_word' id='word_1_268' title='bbox 290 3771 481 3850; x_wconf 88' lang='lat' dir='ltr'>Minscensis,</span> <span class='ocrx_word' id='word_1_269' title='bbox 505 3773 541 3837; x_wconf 89' lang='lat' dir='ltr'>nt</span> <span class='ocrx_word' id='word_1_270' title='bbox 562 3773 704 3855; x_wconf 74' lang='lat' dir='ltr'>pmochis</span> <span class='ocrx_word' id='word_1_271' title='bbox 721 3775 902 3858; x_wconf 74' lang='lat' dir='ltr'>castaeque</span> <span class='ocrx_word' id='word_1_272' title='bbox 917 3776 999 3840; x_wconf 90' lang='lat' dir='ltr'>clero</span> <span class='ocrx_word' id='word_1_273' title='bbox 1014 3775 1165 3864; x_wconf 88' lang='lat' dir='ltr'>catholico</span> <span class='ocrx_word' id='word_1_274' title='bbox 1179 3775 1379 3858; x_wconf 86' lang='lat' dir='ltr'>permittatur</span> 
     </span>
     <span class='ocr_line' id='line_1_35' title="bbox 142 3875 1379 3961; baseline -0.002 -17"><span class='ocrx_word' id='word_1_275' title='bbox 142 3879 181 3944; x_wconf 90' lang='lat' dir='ltr'>de</span> <span class='ocrx_word' id='word_1_276' title='bbox 202 3877 290 3961; x_wconf 90' lang='lat' dir='ltr'>plebe</span> <span class='ocrx_word' id='word_1_277' title='bbox 312 3875 430 3940; x_wconf 88' lang='lat' dir='ltr'>rustica</span> <span class='ocrx_word' id='word_1_278' title='bbox 448 3875 591 3959; x_wconf 84' lang='lat' dir='ltr'>religioni</span> <span class='ocrx_word' id='word_1_279' title='bbox 614 3877 875 3960; x_wconf 81' lang='lat' dir='ltr'>graeco-russiana</span> <span class='ocrx_word' id='word_1_280' title='bbox 898 3878 1023 3944; x_wconf 89' lang='lat' dir='ltr'>addicta</span> <span class='ocrx_word' id='word_1_281' title='bbox 1044 3878 1077 3943; x_wconf 92' lang='lat' dir='ltr'>in</span> <span class='ocrx_word' id='word_1_282' title='bbox 1105 3879 1228 3944; x_wconf 87' lang='lat' dir='ltr'>defectu</span> <span class='ocrx_word' id='word_1_283' title='bbox 1248 3877 1379 3944; x_wconf 88' lang='lat' dir='ltr'>catholi-</span> 
     </span>
     <span class='ocr_line' id='line_1_36' title="bbox 59 3979 1378 4066; baseline -0.003 -16"><span class='ocrx_word' id='word_1_284' title='bbox 59 4029 63 4038; x_wconf 81' lang='grc'>-</span> <span class='ocrx_word' id='word_1_285' title='bbox 142 4002 247 4050; x_wconf 87' lang='lat' dir='ltr'>corum</span> <span class='ocrx_word' id='word_1_286' title='bbox 262 3979 415 4064; x_wconf 88' lang='lat' dir='ltr'>operarios</span> <span class='ocrx_word' id='word_1_287' title='bbox 430 3979 490 4044; x_wconf 89' lang='lat' dir='ltr'>sibi</span> <span class='ocrx_word' id='word_1_288' title='bbox 513 3979 681 4046; x_wconf 88' lang='lat' dir='ltr'>conducere</span> <span class='ocrx_word' id='word_1_289' title='bbox 695 3981 943 4064; x_wconf 84' lang='lat' dir='ltr'>famulatumque</span> <span class='ocrx_word' id='word_1_290' title='bbox 957 3981 1079 4048; x_wconf 84' lang='lat' dir='ltr'>habere.</span> <span class='ocrx_word' id='word_1_291' title='bbox 1123 3981 1378 4066; x_wconf 86' lang='lat' dir='ltr'>Archiopisoopus</span> 
     </span>
     <span class='ocr_line' id='line_1_37' title="bbox 141 4083 1379 4170; baseline -0.001 -17"><span class='ocrx_word' id='word_1_292' title='bbox 141 4086 272 4170; x_wconf 89' lang='lat' dir='ltr'>denique</span> <span class='ocrx_word' id='word_1_293' title='bbox 287 4085 394 4152; x_wconf 89' lang='lat' dir='ltr'>crebro</span> <span class='ocrx_word' id='word_1_294' title='bbox 415 4083 544 4150; x_wconf 84' lang='lat' dir='ltr'>iteratas</span> <span class='ocrx_word' id='word_1_295' title='bbox 558 4085 715 4150; x_wconf 87' lang='lat' dir='ltr'>revocavit</span> <span class='ocrx_word' id='word_1_296' title='bbox 735 4103 851 4168; x_wconf 90' lang='lat' dir='ltr'>preces,</span> <span class='ocrx_word' id='word_1_297' title='bbox 874 4086 911 4150; x_wconf 89' lang='lat' dir='ltr'>ut</span> <span class='ocrx_word' id='word_1_298' title='bbox 926 4085 1132 4152; x_wconf 87' lang='lat' dir='ltr'>Seminarium</span> <span class='ocrx_word' id='word_1_299' title='bbox 1146 4085 1303 4170; x_wconf 89' lang='lat' dir='ltr'>proprium</span> <span class='ocrx_word' id='word_1_300' title='bbox 1324 4105 1379 4169; x_wconf 90' lang='lat' dir='ltr'>pro</span> 
     </span>
     <span class='ocr_line' id='line_1_38' title="bbox 141 4174 1380 4274; baseline -0.002 -18"><span class='ocrx_word' id='word_1_301' title='bbox 141 4189 369 4258; x_wconf 84' lang='lat' dir='ltr'>Archidioecssi</span> <span class='ocrx_word' id='word_1_302' title='bbox 393 4187 619 4268; x_wconf 86' lang='lat' dir='ltr'>Mobiloviensi,</span> <span class='ocrx_word' id='word_1_303' title='bbox 641 4188 681 4253; x_wconf 89' lang='lat' dir='ltr'>ab</span> <span class='ocrx_word' id='word_1_304' title='bbox 706 4187 761 4254; x_wconf 90' lang='lat' dir='ltr'>illo</span> <span class='ocrx_word' id='word_1_305' title='bbox 784 4187 952 4256; x_wconf 57' lang='lat' dir='ltr'>medensi</span> <span class='ocrx_word' id='word_1_306' title='bbox 981 4188 1173 4274; x_wconf 89' lang='lat' dir='ltr'>sejunctum,</span> <span class='ocrx_word' id='word_1_307' title='bbox 1196 4174 1380 4255; x_wconf 86' lang='lat' dir='ltr'>instituatur</span> 
     </span>
     <span class='ocr_line' id='line_1_39' title="bbox 142 4291 1379 4378; baseline -0.002 -18"><span class='ocrx_word' id='word_1_308' title='bbox 142 4296 234 4378; x_wconf 86' lang='lat' dir='ltr'>atque</span> <span class='ocrx_word' id='word_1_309' title='bbox 262 4293 527 4368; x_wconf 75' lang='lat' dir='ltr'>ordinationes-,et</span> <span class='ocrx_word' id='word_1_310' title='bbox 552 4291 786 4360; x_wconf 86' lang='lat' dir='ltr'>comtitutionee</span> <span class='ocrx_word' id='word_1_311' title='bbox 807 4310 934 4360; x_wconf 87' lang='lat' dir='ltr'>romano</span> <span class='ocrx_word' id='word_1_312' title='bbox 950 4293 1128 4365; x_wconf 74' lang='lat' dir='ltr'>¹acatholicae</span> <span class='ocrx_word' id='word_1_313' title='bbox 1152 4293 1379 4360; x_wconf 85' lang='lat' dir='ltr'>ecclesiasticae</span> 
     </span>
     <span class='ocr_line' id='line_1_40' title="bbox 140 4396 571 4464; baseline 0.005 -1"><span class='ocrx_word' id='word_1_314' title='bbox 140 4396 329 4464; x_wconf 85' lang='lat' dir='ltr'>Academiae</span> <span class='ocrx_word' id='word_1_315' title='bbox 343 4396 571 4464; x_wconf 87' lang='lat' dir='ltr'>confirmentur.</span> 
     </span>
    </p>

    <p class='ocr_par' dir='ltr' id='par_1_13' title="bbox 142 4499 1378 4684">
     <span class='ocr_line' id='line_1_41' title="bbox 245 4499 1378 4588; baseline 0 -22"><span class='ocrx_word' id='word_1_316' title='bbox 245 4501 356 4568; x_wconf 85' lang='lat' dir='ltr'>Preces</span> <span class='ocrx_word' id='word_1_317' title='bbox 367 4500 461 4568; x_wconf 86' lang='lat' dir='ltr'>hasce</span> <span class='ocrx_word' id='word_1_318' title='bbox 474 4501 729 4586; x_wconf 87' lang='lat' dir='ltr'>Arohiepisoopun</span> <span class='ocrx_word' id='word_1_319' title='bbox 742 4501 976 4588; x_wconf 77' lang='lat' dir='ltr'>nugusdssino</span> <span class='ocrx_word' id='word_1_320' title='bbox 986 4501 1170 4586; x_wconf 87' lang='lat' dir='ltr'>Imperatori</span> <span class='ocrx_word' id='word_1_321' title='bbox 1179 4499 1378 4584; x_wconf 88' lang='lat' dir='ltr'>porrigendas</span> 
     </span>
     <span class='ocr_line' id='line_1_42' title="bbox 142 4603 1378 4684; baseline -0.002 -12"><span class='ocrx_word' id='word_1_322' title='bbox 142 4603 382 4674; x_wconf 85' lang='lat' dir='ltr'>transmittendo</span> <span class='ocrx_word' id='word_1_323' title='bbox 397 4604 448 4673; x_wconf 88' lang='lat' dir='ltr'>die</span> <span class='ocrx_word' id='word_1_324' title='bbox 462 4606 514 4672; x_wconf 78' lang='lat'>20.</span> <span class='ocrx_word' id='word_1_325' title='bbox 531 4606 683 4674; x_wconf 87' lang='lat' dir='ltr'>currentis</span> <span class='ocrx_word' id='word_1_326' title='bbox 697 4605 840 4675; x_wconf 85' lang='lat' dir='ltr'>Januarii</span> <span class='ocrx_word' id='word_1_327' title='bbox 862 4606 920 4672; x_wconf 84' lang='lat' dir='ltr'>aab</span> <span class='ocrx_word' id='word_1_328' title='bbox 942 4606 983 4672; x_wconf 88' lang='lat' dir='ltr'>N.</span> <span class='ocrx_word' id='word_1_329' title='bbox 1002 4606 1061 4672; x_wconf 80' lang='lat'>171</span> <span class='ocrx_word' id='word_1_330' title='bbox 1085 4605 1126 4672; x_wconf 90' lang='lat' dir='ltr'>ad</span> <span class='ocrx_word' id='word_1_331' title='bbox 1146 4603 1378 4684; x_wconf 72' lang='lat' dir='ltr'>Excellmtiasi·</span> 
     </span>
    </p>
   </div>
   <div class='ocr_carea' id='block_1_7' title="bbox 0 0 1571 5124">
    <p class='ocr_par' dir='ltr' id='par_1_14' title="bbox 0 0 1571 5124">
     <span class='ocr_line' id='line_1_43' title="bbox 0 0 1571 5124; baseline 0 0"><span class='ocrx_word' id='word_1_332' title='bbox 0 0 1571 5124; x_wconf 95' lang='lat' dir='ltr'> </span> 
     </span>
    </p>
   </div>
  </div>
 </body>
</html>
