3170 5128
199 288 272 368 122
303 260 313 270 ἡ
336 305 473 360 1111111111
491 317 538 360 zar
556 307 714 372 ptpstlteteu
732 307 974 364 1111111111111111
996 310 1036 364 tt.
1055 307 1203 364 November
1222 265 1295 364 1811,

195 497 235 564 ad
258 497 377 564 avitum
399 495 569 562 vastissimi
590 496 773 562 Russiarum
795 497 922 582 Imperii
943 498 1088 565 thronum
1111 479 1237 567 oreatus
1256 497 1362 579 1111111,
1384 499 1435 566 ta-

195 623 266 669 men
287 623 357 670 uum
383 601 520 686 ejusdem
543 601 668 685 Imperii
690 621 834 667 eoronam
856 603 986 668 solemni
1006 623 1119 688 pompa
1140 604 1368 688 quamprimum
1391 604 1435 670 sis

196 710 395 794 aeeapturna,
417 707 468 772 rel
489 705 623 772 marimo
646 707 788 788 optamus
817 706 974 789 publicam
995 707 1158 790 Imperiali
1175 710 1206 773 et
1228 707 1344 792 Regias
1365 709 1434 774 lda-

192 812 301 896 jeatati
318 812 403 877 Tuae
425 810 566 876 exhibere
582 807 840 895 significationem
854 827 994 880 summae
1009 809 1093 876 illius
1116 811 1266 891 laetitiae,
1289 833 1381 896 quam
1398 833 1436 878 ex
1574 835 1575 846 ¹

194 915 373 1000 hujusmodi
395 915 560 981 faustitata
581 915 775 998 percipimus.
820 913 930 997 ltaque
959 915 1164 981 libentissimo
1185 933 1309 1000 prorsus
1332 917 1436 989 animo
1574 955 1575 958 =

195 1021 235 1086 ad
250 1015 459 1103 ZMojestatem
486 1019 586 1084 Tuam
612 1019 767 1084 mittimus
794 1017 955 1084 Oratorem
981 1019 1131 1086 Nostrum
1157 1019 1437 1086 extraordinarium
1574 1081 1575 1086 ,

194 1123 410 1190 Venerabilem
430 1123 573 1206 Fratrem
593 1121 735 1188 Flauium
757 1119 852 1205 dirigi
872 1119 1143 1206 Aratispisoopum
1167 1123 1357 1209 liprensium
1379 1145 1436 1192 uo-

193 1229 344 1296 bilisaimo
370 1245 481 1312 genere
511 1227 631 1304 ortum,
662 1243 698 1291 ao
726 1225 879 1291 virtutum
909 1226 1001 1292 lande
1024 1221 1215 1310 spectatum,
1237 1221 1437 1296 ut'loculen·

194 1333 324 1399 tissimis
350 1331 452 1398 vorbis
479 1330 550 1396 Tibi
575 1330 690 1396 Nostro
716 1329 837 1394 nomine
858 1329 979 1423 debeo
992 1325 1182 1398 mestissima
1205 1335 1317 1398 eventu
1340 1335 1436 1400 etiam

196 1437 289 1522 atqua
303 1436 399 1502 otiam
422 1455 457 1500 er
472 1435 575 1500 animo
598 1435 783 1518 gratuletur,
807 1455 843 1502 aa
865 1435 959 1500 simul
982 1432 1113 1519 explicet
1136 1447 1172 1500 aa
1187 1437 1329 1518 testetur,
1352 1441 1435 1518 vota,

124 1599 126 1606 .
195 1561 273 1625 quae
296 1541 361 1606 Deo
389 1539 513 1622 Optimo
537 1539 673 1605 Maximo
695 1558 749 1622 pro
772 1540 843 1604 'lua
867 1539 1082 1630 incolumitate
1104 1541 1135 1605 et
1157 1558 1230 1606 vera
1251 1533 1437 1627 perennique
1506 1587 1512 1594 -

194 1636 344 1712 lelieitate
366 1645 467 1710 tmere
488 1663 549 1709 non
564 1643 752 1709 desistimus.
796 1643 841 1708 llr
857 1663 916 1728 quo
931 1639 1068 1728 profesto
1089 1640 1241 1729 intelligis
1264 1647 1379 1728 quanto
1402 1647 1435 1710 in

195 1749 293 1833 pretio
315 1743 361 1812 'I'e
385 1745 571 1825 habeamus,
599 1747 769 1832 quibusque
795 1749 908 1813 studiis
934 1749 979 1814 Ta
1004 1760 1240 1833 prosequemur,
1270 1752 1436 1832 praestan-

119 1912 121 1924 ,
194 1852 315 1918 tissime
329 1851 511 1935 Imperator,
535 1853 587 1936 qui
602 1854 727 1935 propter
748 1853 890 1937 egregias
903 1853 973 1920 toro
997 1853 1103 1932 animi,
1120 1855 1194 1918 tom
1215 1853 1343 1938 ingenii,
1366 1857 1437 1938 qui-

193 1958 252 2024 bua
266 1957 411 2041 refulges,
435 1956 530 2035 dotes,
553 1975 698 2041 magnam
714 1955 752 2020 de
769 1956 813 2021 Te
834 1957 901 2040 ipso
916 1957 1106 2040 opinionem,
1130 1976 1165 2022 ao
1177 1957 1435 2041 jubendisaimam

195 2058 279 2144 apar'n
303 2060 384 2143 apud
405 2059 480 2138 Nos,
505 2061 536 2125 et
557 2079 662 2126 ornnes
685 2061 793 2144 gentes
815 2059 927 2125 merito
950 2059 1100 2128 exaltasti.
1145 2057 1255 2126 Eidem
1276 2065 1436 2145 praeterea

196 2163 319 2230 Oratori
333 2165 448 2230 Nostro
470 2165 502 2228 in
523 2163 680 2230 mandatis
700 2161 851 2240 dedimus,
874 2165 911 2228 ut
933 2162 1131 2247 amplissimis
1154 2165 1255 2231 verbis
1273 2166 1436 2251 Majeetati

196 2267 281 2333 ibae
304 2267 456 2350 exprimat
481 2267 648 2332 marimum
675 2287 735 2350 qna
761 2267 864 2333 ansati
885 2268 1018 2345 fuimns,
1041 2269 1296 2370 consolationem,
1323 2291 1390 2336 oum
1415 2292 1434 2338 a

195 2369 301 2437 Nobili
323 2371 398 2436 Viro
417 2371 545 2437 Niaolao
566 2371 605 2437 da
627 2369 776 2437 Kisseleff
790 2371 966 2454 Majestatis
990 2371 1076 2437 Tuae
1099 2372 1182 2455 apud
1203 2373 1278 2453 Nor,
1300 2375 1332 2440 et
1353 2373 1434 2440 hana

196 2474 407 2559 Apostoliaam
422 2473 533 2540 Sedem
548 2476 665 2560 Legata
680 2475 942 2554 Extruordinario,
958 2476 991 2540 et
1004 2475 1148 2542 Ministro
1162 2476 1436 2560 plenipotentiario
1574 2513 1575 2520 ,

196 2579 489 2662 neomeniarumque
510 2579 657 2645 benevola
680 2581 712 2644 et
732 2593 884 2662 propensa
905 2579 1065 2644 vuluntate
1088 2581 1343 2664 ergauatbolioos
1365 2581 1437 2648 Tibi
1458 2647 1463 2654 ,
1574 2617 1575 2674 ss

195 2683 335 2756 subditos
351 2683 393 2748 sis
408 2683 573 2762 animatus,
597 2681 629 2750 et
645 2702 706 2766 qna
727 2683 890 2775 alaeritate
905 2683 983 2749 velis
998 2703 1059 2748 uon
1082 2685 1181 2749 solum
1196 2685 1342 2768 periinere
1357 2703 1437 2769 quae

196 2787 333 2854 aNobis
354 2805 424 2852 eom
445 2785 579 2874 augusto
601 2788 667 2852 Tuo
690 2789 829 2872 genitore
852 2789 1003 2853 conventa
1024 2787 1126 2866 fuere,
1148 2807 1255 2854 verum
1278 2789 1374 2855 etiam
1398 2792 1438 2856 ad

196 2891 336 2977 optatum
349 2891 465 2956 suitam
477 2891 629 2957 addnoers
640 2893 702 2958 alta
713 2891 814 2976 plura,
829 2909 906 2976 quae
919 2891 1234 2958 adoatholieorumin
1246 2893 1437 2976 amplissimo

197 2995 263 3062 Tuo
277 2995 405 3079 1111111110
420 2995 598 3080 degentium
614 3015 664 3061 ree
680 2999 711 3061 et
725 2996 861 3062 rationes
875 2995 1041 3078 pertinent,
1064 3013 1202 3079 quaeque
1217 2995 1344 3062 maximi
1363 2999 1437 3064 sunt
1574 3017 1575 3064 ὲ

195 3099 353 3166 momenti.
383 3098 450 3180 Quo
461 3099 545 3164 uerte
556 3090 636 3166 nibil
646 3099 747 3164 Nobis
756 3099 886 3184 gratius,
901 3098 980 3164 nibil
988 3099 1166 3182 jucundius,
1178 3098 1258 3166 1111111
1269 3099 1437 3184 optabilius

196 3221 262 3269 esse
276 3221 412 3288 unquam
427 3204 538 3287 potest,
554 3221 625 3268 eom
640 3221 695 3286 pro
709 3201 879 3285 Apostolioi
891 3202 998 3268 Nostri
1014 3203 1179 3269 ministerii
1196 3223 1323 3270 munere
1338 3203 1437 3270 Nobis

196 3307 354 3374 diuinitus*
368 3307 529 3372 commisso
551 3306 719 3372 ostholioae
734 3297 900 3384 Eenlesiae,
923 3306 1049 3390 ejusque
1071 3307 1206 3373 filiorum
1220 3308 1299 3373 bono
1314 3326 1438 3374 summa

196 3429 280 3488 aura,
303 3411 336 3475 et
350 3409 558 3476 intentissimo
575 3409 678 3476 studio
699 3411 857 3475 consulere
879 3410 1053 3475 debeamus.
1098 3411 1294 3496 Quapropter
1312 3411 1438 3478 etiamsi
1488 3489 1492 3496 .

195 3533 250 3598 pro
265 3511 376 3579 eximia
399 3515 509 3582 axoelat
532 3510 592 3580 'lui
614 3513 710 3579 animi
731 3513 938 3592 humanitate,
961 3514 1129 3596 aequitate,
1149 3515 1284 3599 just'tia,
1308 3533 1344 3580 ao
1361 3533 1436 3599 pru·
1574 3507 1575 3512 ’

196 3615 302 3683 dantia
316 3617 349 3682 in
364 3617 565 3693 vedssimam,
587 3617 847 3702 quemadmodum
863 3617 1059 3698 eenfidimus,
1082 3637 1167 3702 apem
1191 3618 1318 3684 adduoti
1340 3618 1438 3684 sinum
1574 3607 1575 3648 ³

196 3711 271 3800 tore,
295 3722 332 3785 ut
347 3709 496 3805 biajestas
513 3721 580 3786 Tua
594 3721 685 3803 plane
699 3719 776 3787 uelit
789 3721 860 3786 tum
875 3711 1021 3804 perfluere
1035 3739 1114 3804 quae
1129 3723 1249 3787 statuta
1264 3721 1346 3799 aunt,
1367 3721 1437 3786 tum

196 3823 259 3890 alia
281 3823 371 3906 plura
396 3823 566 3908 dequibus
595 3815 717 3908 loquuti
742 3843 849 3890 sumus
876 3823 916 3890 ad
940 3825 1084 3908 optatum
1114 3825 1230 3891 exitum
1260 3824 1436 3908 perdurum,
1574 3863 1575 3912 1

196 3929 302 3994 tamen
323 3921 601 4028 hand'poasumus,
624 3927 700 4010 quin
721 3919 878 4010 idipsum
899 3947 918 3992 a
939 3927 1107 4012 Majeatete
1129 3927 1197 3993 Tua
1218 3947 1272 4012 per
1294 3925 1437 3993 eumdem
1574 3943 1575 3948 ’

197 4029 357 4096 Oratorem
371 4031 522 4096 Nostrum
542 4031 618 4099 totis
633 4031 751 4097 uiribus
774 4031 995 4127 efflagitemus,
1018 4049 1055 4096 aa
1075 4031 1175 4096 denuo
1191 4031 1243 4110 Te,
1265 4029 1438 4096 olariasims

196 4133 384 4218 hperator,
407 4133 631 4218 impensissime
654 4135 861 4216 obsecremus,
893 4136 930 4200 ut
953 4135 1119 4201 catholicos
1137 4153 1245 4200 ornnes
1266 4135 1381 4200 Russus
1403 4135 1438 4199 et

195 4237 328 4318 Polonoa
350 4237 420 4306 Tibi
442 4238 597 4324 subjectos
619 4257 762 4324 suprema
785 4239 854 4308 Tua
873 4237 1059 4310 austeritate
1089 4239 1120 4304 et
1139 4238 1243 4304 favore
1266 4237 1382 4306 tuearis
1405 4239 1438 4304 et
1512 4273 1517 4278 .
1574 4225 1575 4290 3

195 4341 349 4427 protegas.
393 4342 566 4414 Pistasos
582 4341 760 4412 dubitamus
783 4341 864 4424 quin«
879 4360 940 4424 pro,
955 4341 1083 4424 egregia
1104 4340 1169 4419 illa,
1193 4360 1253 4424 qua
1275 4343 1437 4424 tantopore

197 4445 337 4525 excellis,
366 4445 516 4510 sumitate
543 4445 646 4529 ipsum
672 4445 841 4512 Oratorem·
859 4444 1008 4510 Nostrum
1035 4444 1285 4527 perhmnaniter,
1308 4461 1345 4509 ae
1366 4461 1436 4528 per·
1574 4451 1575 4502 ξ

164 4551 165 4554 ’
196 4549 328 4634 benigne
350 4539 493 4632 arripias,
516 4549 548 4612 bt
569 4545 687 4626 audias,
711 4547 800 4631 eique
821 4547 854 4612 in
874 4537 1033 4626 omuibus,
1048 4559 1128 4630 quse
1151 4545 1222 4612 libi
1243 4547 1358 4613 Nostro
1380 4563 1436 4612 no-

196 4653 280 4720 rnine
301 4653 363 4720 erit
383 4651 539 4730 diatmus,
566 4647 690 4734 plenum
711 4646 805 4717 1111111
818 4643 1007 4720 submota·
1030 4651 1304 4720 Persuaaisaimum
1319 4647 1435 4716 ’11111111
