3102 5124
181 224 258 302 348
320 239 456 292 Urtnoden
475 251 522 292 aar
540 237 700 302 pomonam
720 239 883 294 iecessario
901 253 959 294 roni
984 241 1020 294 ii.
1040 240 1183 294 November
1203 241 1275 296 loco.

181 447 268 496 enum
294 428 520 494 Administrum
543 429 734 512 negotiorum
758 411 947 496 internorum
971 429 1129 513 subjunxit
1154 429 1368 512 asseruitque,
1394 449 1429 494 se

182 553 362 617 persuasum
377 553 453 612 csse,
476 533 557 618 qaod
580 534 606 598 si
629 535 709 600 votis
726 536 945 619 Episcoporunr
964 535 1026 602 Sua
1046 534 1248 618 Imperatoria
1270 533 1429 616 Majestas

179 637 312 722 benigne
335 657 479 718 annuere,
501 639 717 722 postulatoque
739 659 844 704 eorum
866 639 1045 706 satisfacere
1066 639 1264 724 dignaretur,
1286 657 1348 702 non
1373 655 1430 702 so-

181 742 246 807 lnm
272 741 332 826 ipsi
357 742 510 826 Episcopi,
533 742 692 808 universus
720 741 826 808 Clarus
856 762 892 808 aa
920 743 1038 808 subditi
1067 741 1225 826 religionis
1248 741 1430 807 catholicae

158 913 163 919 ,
180 845 265 914 laeta
279 845 509 924 acclamatione,
532 848 682 932 gratoque
704 847 807 912 animo
822 847 1029 912 concessiones
1044 845 1230 930 hujusmodi,
1254 845 1428 910 beneficia-

181 967 241 1032 que
262 949 468 1032 excepissent,
492 968 596 1014 verum
620 951 713 1014 enam
735 949 892 1014 malevolis
914 949 1146 1016 submoveretur
1167 949 1296 1028 occasio,
1323 951 1429 1015 sinm-

181 1051 247 1120 lato
270 1053 377 1119 ardore
398 1055 560 1137 oppressae
582 1053 741 1138 religionis
762 1043 903 1138 politicos
922 1071 957 1118 ae
974 1053 1080 1120 civiles
1094 1054 1197 1120 motas
1209 1055 1386 1120 onerare„

181 1213 279 1266 Llllllll.
315 1213 455 1266 senrelnen
473 1214 518 1264 des
537 1211 764 1275 lrocbwbrdipslcn
785 1209 1134 1266 l'ardinal·Slealsseorelars
1154 1225 1211 1265 ιοιιι
1225 1213 1266 1265 22.
1285 1213 1332 1264 blei
1354 1213 1427 1266 186²

182 1309 215 1351 sn
241 1300 290 1351 den
317 1299 469 1354 Enbisobot
493 1311 543 1351 ιιιιι
572 1299 703 1360 llolrllow,
732 1301 810 1351 demto
836 1313 866 1352 er
892 1299 935 1351 lilr
960 1301 1000 1351 dle
1018 1300 1171 1364 geislliclren
1189 1299 1355 1353 Bedtlrloisse
1375 1299 1428 1352 der

449 1386 715 1440 aeternam-inirem
735 1389 760 1440 in
779 1388 825 1439 der
841 1387 930 1438 Preme
948 1387 1051 1448 zabiely
1065 1397 1152 1450 sorge.

284 1471 425 1536 Inuoluit
439 1470 618 1538 SSmoDno
633 1471 747 1536 Nostro
761 1469 794 1536 id
809 1471 890 1555 qnod
904 1471 938 1536 in
953 1471 1111 1550 Paroecia,
1130 1489 1207 1554 quae
1222 1469 1316 1554 volgo
1332 1468 1427 1534 audit

183 1575 221 1640 de
245 1575 390 1654 Zobicli,
413 1575 497 1640 haud
519 1575 638 1659 pridem
661 1575 781 1653 evenit3
804 1595 918 1660 magno
944 1577 1049 1642 tamen
1069 1575 1180 1641 solatio
1206 1573 1236 1640 ei
1258 1573 1318 1638 init
1339 1573 1425 1656 quod

182 1678 326 1762 impediri
347 1679 499 1762 potnerit,
529 1680 690 1762 quominus
712 1678 850 1763 ejusdem
871 1679 1031 1764 paroeciae
1052 1679 1161 1744 fideles
1182 1677 1343 1745 schismati
1366 1677 1426 1742 ad-

183 1781 398 1848 scriberentur.
443 1781 545 1863 Quum
561 1785 665 1846 antem
680 1781 837 1848 Sanctitas
853 1782 915 1848 Sua
930 1783 1128 1848 vehementer
1146 1782 1278 1865 exoptet,
1300 1797 1339 1845 ne
1361 1779 1425 1844 ibi-

183 1883 252 1950 dem
268 1884 373 1950 tristia
394 1887 494 1964 laeta,
517 1905 595 1969 quae
620 1886 653 1952 in
680 1886 743 1952 alia
767 1887 907 1970 paroecia
932 1887 1154 1952 Dziernnowica
1180 1885 1247 1970 J‘cm
1273 1884 1424 1951 accidisse

183 1991 314 2067 constat,
337 2009 407 2055 cnm
429 1989 550 2074 ingenti
572 1990 743 2058 animarum
772 1991 958 2058 detrimento
980 1992 1081 2057 locum
1106 1991 1252 2069 habeant,
1278 1989 1312 2054 in
1332 2007 1424 2054 nran-

183 2091 265 2157 datie
287 2093 365 2158 mihi
387 2093 490 2172 dedit,
514 2094 631 2171 Tuam,
661 2094 751 2160 lllme
764 2113 766 2116 ·
781 2114 817 2160 ao
838 2097 916 2162 Rme
939 2095 1083 2173 Domine,
1106 2094 1291 2178 pastoralem
1314 2112 1424 2158 curam

185 2195 337 2276 excitare,
359 2199 395 2263 ut
416 2199 554 2264 fidelium
575 2199 670 2265 saluti
693 2199 859 2285 advigiles,
882 2202 974 2284 atque
997 2199 1096 2265 abiis
1118 2198 1320 2283 pervemionis
1342 2197 1425 2280 peri-

183 2298 289 2366 culam
304 2303 387 2368 omni
402 2303 596 2370 contentione
610 2323 764 2370 removere
779 2304 914 2370 studeas.
945 2304 1033 2385 Quod
1048 2304 1084 2368 nt
1098 2302 1221 2369 facilius
1236 2299 1424 2394 assequaris,
1536 2372 1537 2391 ἶ

183 2408 442 2488 peropportunum
464 2426 536 2473 sane
552 2410 656 2474 censet
676 2408 783 2474 eadem
806 2407 961 2474 Sanctitas
984 2407 1047 2473 Sua
1067 2407 1237 2490 impensem
1260 2423 1279 2470 a
1301 2405 1346 2471 Te
1367 2403 1425 2470 ad-

184 2509 285 2576 hiberi
307 2528 448 2593 operam,
476 2512 512 2576 nt
541 2507 684 2594 religiose
715 2511 915 2576 observentur
937 2531 990 2590 ea,
1013 2530 1090 2594 quae
1113 2510 1150 2575 ab
1174 2509 1266 2574 lllnro
1285 2528 1321 2574 aa
1344 2509 1425 2574 Rmo

183 2613 315 2678 Domino
341 2613 525 2679 Fialkowski
554 2633 624 2680 cnm
649 2613 894 2680 Archidioecesis
920 2599 1150 2680 Mobiloviensis
1175 2613 1424 2696 procurationem

183 2717 296 2795 tenuit,
318 2718 438 2782 statuta
452 2719 533 2784 sunt.
580 2719 640 2784 Pro
656 2719 741 2784 certo
763 2720 868 2784 autem
884 2719 979 2784 habet
992 2719 1075 2783 idem
1090 2716 1203 2783 samus
1219 2717 1317 2795 Duas,
1340 2716 1424 2802 quod

184 2819 242 2898 Tu,
264 2821 355 2887 lllrne
377 2841 413 2886 ac
433 2823 512 2888 lime
531 2822 676 2902 Domine,
699 2841 754 2906 pro
776 2824 831 2888 tna
854 2821 972 2905 pietate
993 2841 1030 2886 ao
1058 2820 1207 2905 religione
1229 2821 1340 2904 majori
1362 2839 1424 2902 qna

182 2924 297 3007 poteris
319 2925 481 2991 alacritate
504 2945 542 2991 ac
560 2927 664 2992 studio
681 2925 858 3004 contendes,
880 2926 917 2990 ut
939 2943 1045 2990 sacrae
1068 2924 1226 2990 doctrinae
1245 2923 1421 3008 depositam

184 3027 217 3092 in
239 3029 380 3112 paroecia
405 3030 461 3096 illa
483 3030 617 3096 fideliter
641 3030 840 3096 custodiatur.
885 3031 972 3095 Haec
993 3028 1089 3094 habui
1117 3045 1196 3112 quae
1218 3047 1253 3092 ex
1276 3027 1423 3094 mandato

185 3131 305 3302 gummi
325 3134 486 3200 Pontificio
507 3135 578 3200 Tibi
600 3135 817 3220 significarem,
841 3135 891 3200 oui
913 3133 1038 3198 interim
1060 3133 1164 3198 fausta
1186 3133 1299 3197 cunata
1317 3151 1336 3196 a
1357 3132 1423 3198 Deo

214 3286 221 3300 .
236 3236 279 3300 M.
295 3237 451 3321 adprecor.

187 3417 265 3469 tlllli.
301 3403 440 3468 Schneiben
458 3415 504 3468 des
522 3417 634 3478 heiligen
651 3417 742 3468 Vetera
761 3427 819 3468 som
838 3417 878 3468 29.
896 3416 994 3468 donner
1014 3415 1079 3468 lesa
1097 3427 1130 3466 an
1148 3413 1198 3466 den
1217 3413 1423 3476 boebwdrdigeo

186 3501 400 3565 capitular-vicar
418 3515 468 3554 von
487 3503 588 3566 cbelm,
616 3503 706 3554 womit
732 3514 761 3554 er
787 3503 838 3554 ibm
863 3503 934 3554 seme
960 3501 1151 3562 domnachstige
1170 3499 1369 3564 Prbaonisirung
1386 3497 1422 3550 im

185 3587 368 3641 consistorium
388 3600 444 3640 zum
463 3589 568 3640 Biscbol
594 3588 640 3638 der
665 3589 813 3650 pronomen
831 3588 904 3640 stadt
921 3588 1025 3651 anzeigl
1043 3587 1094 3640 und
1113 3587 1157 3638 ibn
1176 3586 1275 3638 entole
1289 3585 1423 3639 norbanu-

69 3685 78 3704 ·
186 3671 269 3736 digen'
281 3675 392 3726 sobriae
409 3685 455 3727 zur
472 3673 734 3736 wiederberstellnng
753 3675 800 3726 der
817 3673 954 3738 religiosen
973 3674 1103 3726 zuarinae
1115 3672 1142 3726 in
1158 3671 1234 3736 tener
1245 3671 1353 3726 Dioneae
1365 3671 1423 3724 enl-

228 3787 231 3790 ·
681 3761 812 3812 mestrem
830 3761 922 3812 machi.

286 3861 479 3928 Venerabilis
494 3862 603 3928 Frater
617 3862 750 3931 salutem
764 3863 797 3928 et
812 3861 1022 3946 apostolicam
1038 3859 1290 3926 benedictionem.
1321 3857 1421 3923 Nobis

169 3966 218 4032 -in
240 3964 344 4030 animo
373 3967 436 4044 est,
461 3967 520 4044 Te,
547 3966 740 4032 Venerabilis
765 3967 883 4046 Frater,
905 3967 938 4030 in
963 3963 1098 4048 proximo
1124 3961 1305 4028 consistorio
1329 3961 1425 4026 istius

185 4069 379 4138 Chelmensis
394 4071 539 4136 ecclesiae
562 4071 813 4154 graeco-rutheni
830 4071 914 4136 ¹ritas
929 4089 985 4145 sno
998 4068 1119 4154 jamdiu
1133 4067 1278 4133 viduatae
1299 4067 1423 4150 pastore

185 4169 360 4257 episcopum
382 4173 576 4249 renuntiare,
606 4174 732 4258 ejusque
759 4173 898 4258 regimen
920 4191 956 4238 ao
977 4169 1222 4256 procurationem
1245 4169 1316 4234 Tibi
1338 4187 1423 4234 com-

184 4277 320 4358 mittere,
343 4277 396 4361 qui
418 4296 486 4344 eam
505 4277 727 4360 inpraesentia
745 4276 944 4341 administras
966 4274 1078 4344 vicarii
1095 4273 1274 4356 capitularis
1295 4290 1422 4338 munere

185 4382 326 4468 fungens.
371 4381 474 4464 Atque
496 4381 592 4446 etiam
611 4380 827 4458 constituimus
857 4378 963 4444 eodem
990 4380 1130 4460 tompore
1151 4377 1297 4442 dilectam
1310 4375 1422 4444 ‚lilium

184 4487 399 4574 presbyterum
419 4486 572 4552 loannem
594 4483 737 4549 Kalinslri
760 4483 936 4566 episcopum
956 4482 989 4546 in
1010 4481 1149 4565 partibus
1171 4479 1342 4546 infidelium
1365 4479 1422 4545 eli·

185 4609 270 4678 gere,
291 4609 420 4676 eamque
437 4589 538 4656 Tuum
560 4587 769 4673 coadjutorem
791 4605 862 4653 oum
875 4586 982 4653 futura
1003 4585 1191 4652 socomsione
1214 4585 1362 4663 meiero,
1384 4581 1422 4650 ut
