3170 5128
163 185 237 266 104
301 199 439 255 1111611116
458 209 504 254 mr
522 195 682 266 papsulcuon
699 196 869 254 'benissent
888 209 948 254 voro
968 198 1006 252 1⁵.
1025 196 1171 254 November
1190 196 1263 252 1861.

157 411 218 472 ecs,
240 389 294 476 qui
315 389 415 456 similo
437 390 511 474 quid
532 387 723 456 tentaverint
738 387 802 454 rive
829 387 862 452 in
884 386 1010 472 templis
1026 385 1214 454 dommartis
1233 386 1397 454 contessio-

65 543 67 550 ,
156 490 214 568 nib,
236 492 300 560 siue
324 493 380 560 alii
405 480 582 561 christianis
608 491 745 558 ecclesiis
771 491 884 576 absque
908 489 1036 556 licentia
1044 493 1199 574 propriae
1216 493 1391 574 potcstatis.

158 597 244 678 Quae
268 617 342 666 narn
371 598 477 664 autem
503 596 562 661 hoc
582 596 662 661 ‘loco
691 595 881 680 intelligitur
914 594 1038 678 propria
1062 595 1218 678 potestas,
1247 597 1337 679 patet
1363 593 1398 662 61

159 702 217 770 art.
236 703 320 780 181..
339 703 409 768 185.
431 701 485 766 ubi
512 699 660 784 episcopis
686 698 873 765 dioecesanis
896 697 948 782 jus
973 697 1175 782 permittendi
1200 700 1399 768 ecclesiarum

159 805 384 892 reparationem
398 805 515 872 directe
534 803 720 870 conceditur.
765 803 827 868 hex
848 802 911 868 ista
935 801 1057 884 plenius
1078 803 1203 868 evoluta
1228 822 1264 870 ao
1286 803 1399 872 coufir-

159 911 246 978 mata
268 910 316 976 eet
330 909 362 974 in
378 910 436 976 art.
453 909 525 974 214.
547 907 770 974 commissionis
793 905 957 972 aedilium:
980 905 1025 970 ibi
1049 905 1131 972 euim
1153 907 1286 991 legitur;
1312 909 1401 976 »Non

161 1013 217 1080 alii
241 1013 274 1078 in
293 1012 447 1099 judicium
470 1011 562 1078 citari
584 1013 723 1096 possunt,
746 1010 806 1075 nisi
828 1009 862 1088 ii,
886 1009 940 1094 qui
962 1010 1076 1094 absque
1098 1011 1324 1078 ecclesiastieae
1339 1034 1400 1094 po·

160 1117 438 1196 1611616111611116,
460 1115 685 1200 reparationem
707 1114 938 1198 susceperunt«
986 1112 1190 1180 conformiter
1213 1115 1304 1182 dictis
1322 1117 1403 1201 legi-

160 1225 220 1294 bus
240 1221 395 1306 reparatio
410 1219 503 1304 hujus
526 1217 651 1304 generis
669 1236 789 1301 semper
804 1235 875 1282 oum
890 1217 954 1282 solo
978 1217 1058 1284 scitu
1082 1218 1291 1302 episcoporum
1306 1220 1402 1288 libere

161 1325 378 1411 peragebatur.
422 1323 536 1388 Verum
560 1339 610 1386 an.
629 1321 711 1386 1845
728 1319 776 1386 dle
795 1319 844 1386 15.
866 1319 991 1386 hebra
1012 1320 1156 1386 Ministro
1178 1341 1340 1390 causarum
1354 1325 1404 1390 in-

163 1431 322 1520 ternarum
338 1427 454 1512 prodiit
475 1423 644 1510 dispositio,
667 1426 698 1489 vi
721 1424 808 1509 cujus
827 1423 876 1490 vel
898 1423 1027 1490 minima
1048 1426 1213 1509 reparatio,
1240 1429 1334 1494 etiam
1356 1449 1403 1508 ea,

163 1517 242 1618 quae
256 1534 323 1600 arte
339 1530 580 1598 architectonica
602 1546 678 1614 opus
699 1528 880 1608 nonhabet,
904 1547 965 1593 uon
987 1528 1078 1594 aliter
1093 1529 1154 1594 nisi
1177 1531 1305 1598 obtenta
1318 1533 1404 1616 priua

166 1637 354 1722 aregimIne
374 1635 457 1702 civili
482 1635 619 1714 licenda,
641 1625 790 1720 permissa
812 1633 880 1699 fuit.
927 1632 1013 1698 Talis
1040 1633 1199 1718 dispositio
1227 1656 1261 1700 er
1283 1637 1405 1722 Integre

165 1741 292 1808 mutans
306 1739 370 1805 rim
385 1739 475 1824 legis,
498 1759 558 1806 non
574 1738 688 1824 potest,
712 1736 910 1803 conformiter
929 1739 988 1804 art.
1012 1738 1074 1817 47,
1099 1739 1160 1817 50,
1182 1739 1244 1820 51,
1261 1741 1310 1808 54.
1333 1741 1357 1806 t.
1376 1742 1405 1806 l.

165 1863 220 1929 pro
245 1843 314 1928 ipsa
334 1843 403 1928 lege
431 1843 671 1928 debentneque
697 1841 833 1926 aliquam
860 1839 1094 1925 obligationem,
1117 1843 1232 1926 absque
1258 1863 1406 1912 consensu

167 1949 249 2016 Suae
261 1947 482 2032 Imperatoriae
497 1947 670 2032 potestatis,
693 1946 849 2030 imponere
864 1945 957 2011 valet.
1003 1946 1047 2011 llo
1061 1947 1164 2012 miuus
1179 1947 1212 2014 id
1227 1947 1260 2012 in
1279 1948 1407 2016 dubium

167 2051 270 2120 vocari
285 2051 387 2136 queat,
410 2051 566 2136 quoniam,
588 2052 658 2136 post
675 2048 792 2116 dictam
807 2048 971 2114 ministerii
994 2048 1234 2134 dispositionem,
1258 2070 1306 2118 aar
1324 2053 1405 2118 1847

167 2156 286 2241 placuit
307 2155 376 2234 tibi,
398 2154 630 2242 augustissime
645 2155 825 2239 Imperator,
848 2153 880 2218 in
894 2153 1024 2238 paterna
1045 2155 1101 2221 tua
1120 2173 1194 2222 cura
1217 2156 1255 2222 de
1276 2157 1408 2224 necessi·

168 2259 288 2326 tatibus
302 2259 517 2344 spiritualibus
531 2260 670 2326 fidelium
686 2258 880 2326 subditorum
896 2258 1128 2340 catholicorum,
1144 2257 1306 2346 antiquum
1322 2263 1408 2346 lega·
1500 2321 1505 2331 .

168 2365 232 2430 lem
251 2363 408 2444 ordinem,
431 2365 485 2448 qui
504 2365 636 2430 hheram
659 2363 856 2430 aeclesiarum
879 2363 1103 2446 reparationem
1127 2365 1330 2444 concedebat,
1353 2383 1407 2448 per

171 2468 434 2536 confirmationem
461 2467 645 2534 concordati
671 2487 742 2533 cum
768 2466 850 2532 Aula
875 2467 1016 2534 Romana
1041 2468 1128 2548 initi,
1152 2469 1324 2537 restituero.
1368 2470 1410 2536 ar
1469 2543 1475 2558 ,
1576 2528 1577 2552 ,

170 2573 288 2657 reipsa,
319 2573 453 2658 primum
480 2591 517 2638 ac
543 2591 684 2656 suprema
715 2572 791 2636 haec
816 2571 959 2637 voluntas
985 2571 1158 2638 officialiter
1184 2573 1411 2640 communicata

171 2676 242 2755 11111,
263 2675 376 2742 nullibi
392 2677 530 2759 potestas
555 2676 656 2742 ciuilis
682 2675 801 2742 obicem
830 2675 862 2739 in
888 2675 1067 2759 reparandis
1091 2675 1226 2742 ecclesiis
1245 2696 1357 2761 ponere
1379 2677 1411 2742 in

157 2781 277 2862 'mente
290 2779 441 2858 habebam
464 2779 517 2846 sed
540 2779 703 2864 abaliquo
726 2780 864 2862 tempora
888 2779 921 2844 in
944 2779 1196 2850 contrarietatem
1215 2781 1412 2864 tum‘legum

173 2883 387 2963 cardinalium,
409 2885 477 2948 tum
493 2902 653 2968 supremae
668 2883 848 2962 uoluntatis,
871 2883 1034 2950 minimam
1049 2885 1080 2948 in
1097 2884 1234 2950 ecclesiis
1249 2885 1413 2950 catholicis

173 2988 431 3054 restaurationem
464 3004 598 3054 annuere
622 2989 754 3053 recusat.
811 2987 919 3054 Civilis
944 2989 1082 3071 potestas
1114 2989 1146 3052 in
1179 3007 1248 3054 mea
1282 2987 1414 3053 dioecesi

174 3110 307 3177 eousque
328 3091 476 3176 pervenit,
498 3093 536 3156 ut
556 3092 637 3171 illos,
659 3091 712 3177 qui
733 3093 848 3158 muniti
870 3089 1021 3157 cardinali
1036 3091 1094 3157 hac
1110 3093 1191 3177 lega,
1213 3093 1252 3158 ad
1267 3112 1413 3177 reparan-

174 3195 247 3264 dam
273 3197 432 3263 acclesiom
454 3196 615 3275 accedunt,
637 3197 670 3262 in
681 3197 835 3281 judicium
857 3196 981 3262 tradere
1006 3216 1066 3262 non
1092 3197 1234 3264 haesitet.
1278 3197 1330 3264 Ita
1344 3217 1369 3262 e.
1386 3216 1412 3263 e.

173 3301 449 3386 rue-permittento,
470 3303 590 3368 tectum
604 3321 659 3386 per
674 3320 780 3368 auram
796 3300 936 3366 dirutum
957 3301 990 3366 in
1005 3300 1414 3386 Horuaczewo-Obytocensi

175 3403 314 3484 eeclesia,
336 3424 416 3489 quae
435 3425 490 3489 per
510 3424 685 3490 supremam
712 3406 906 3472 voluntatem
928 3425 976 3472 an.
1007 3407 1090 3472 1824
1120 3407 1201 3471 inter
1223 3405 1414 3490 parochiales
1474 3473 1477 3477 .

174 3508 283 3594 posita
305 3527 344 3574 ac
363 3507 397 3574 in
419 3527 545 3576 numero
564 3509 749 3576 statuahum
765 3511 911 3576 contenta
933 3511 991 3590 est,
1014 3510 1110 3593 atque
1130 3511 1225 3576 3015.
1247 3508 1414 3576 catholicos

176 3613 347 3697 computat,
368 3613 507 3697 reparari
528 3613 654 3692 debuit;
676 3633 783 3680 verum
807 3615 857 3680 111
876 3613 1078 3698 primordium
1100 3614 1214 3680 laboris
1236 3613 1414 3680 iuchoatum

175 3716 233 3796 est,
255 3735 350 3800 quum
365 3734 471 3783 omnes
487 3717 629 3800 operarii,
652 3719 765 3803 agente
788 3719 872 3783 civili
886 3719 1050 3803 potestate,
1073 3717 1203 3803 ddspersi
1226 3717 1299 3810 sint,
1321 3719 1415 3800 atque

175 3820 387 3888 ecclesiatius
408 3821 493 3888 tecto
514 3821 700 3905 permansit3
725 3819 858 3888 decanus
880 3823 985 3888 autem
1008 3823 1040 3888 et
1058 3823 1209 3906 parochus
1230 3821 1291 3888 loci
1320 3820 1416 3904 scrip·

175 3926 299 3994 tetanus
325 3925 404 3992 mihi
428 3925 617 4004 retulerunt,
640 3927 770 4005 altaria,
792 3926 943 4012 imagines
969 3945 1083 4006 sames,
1110 3926 1415 4012 argentomumque
1449 3997 1453 4002 ,

176 4031 234 4096 sub
249 4029 301 4096 dio
314 4029 471 4108 deraldota,
487 4029 520 4094 in
535 4048 663 4096 omnem
674 4030 810 4100 elimatis
824 4030 1038 4114 intemperiem
1054 4029 1191 4114 exposita
1207 4049 1282 4096 esee.
1327 4030 1417 4094 Nuu-

176 4153 269 4221 quam
291 4135 436 4200 auderem
451 4133 532 4200 Suae
546 4133 767 4218 Imperatoriae
781 4133 942 4218 Majestati
968 4134 1026 4202 hoc
1052 4134 1210 4219 negotium
1236 4153 1415 4218 raepresen-

30 4213 33 4296 ¹·
175 4241 254 4319 tare,
276 4237 406 4318 siillud,
429 4238 539 4304 iutimo
554 4259 633 4306 nexu
656 4257 726 4305 cum
748 4239 816 4322 ipsa
842 4237 1006 4304 existentia
1032 4237 1230 4304 ecclesiarum
1256 4237 1417 4320 paroehia-

176 4344 265 4424 lium,
286 4363 341 4430 per
356 4363 534 4430 supremum
548 4343 730 4412 mandatum
748 4345 1008 4423 confirmatarum,
1031 4361 1093 4408 uon
1107 4342 1292 4410 cohaereret.
1338 4342 1417 4410 Gon·

42 4497 79 4536 .,
177 4467 263 4521 cesso
287 4450 473 4531 6161611611
501 4451 534 4516 in
561 4447 815 4516 contrarietatem
831 4447 948 4534 legum,
970 4447 1004 4514 iu
1025 4445 1161 4532 quolibet
1185 4465 1267 4524 caan,
1291 4445 1417 4512 licentia

177 4555 343 4644 proauo
364 4555 463 4626 avibs
484 4553 702 4640 requireretur,
725 4554 800 4618 tunc
826 4553 996 4623 cathohcae
1022 4551 1178 4633 ecclesiae,
1201 4553 1343 4638 prompta
1368 4567 1417 4616 re·
