3068 5124
282 249 366 322 [leber
383 252 423 306 die
442 217 634 318 varumnam
654 255 699 308 der
716 216 809 309 illrche
828 259 853 309 in
875 257 999 311 ausetani
1019 258 1070 311 und
1089 257 1173 311 Polou.
1272 241 1342 316 441

96 431 298 508 Guberniun'r
320 441 435 524 maJore
460 445 493 506 in
515 442 580 507 dies
607 443 808 510 insectatione
831 445 1016 511 catholicam
1040 465 1218 531 oppugnans
1241 446 1348 511 Eccle-

97 530 185 595 siam
210 545 329 610 semper
350 528 521 610 impedivit,
545 530 707 614 quominus
731 531 920 597 Chelmensis
947 533 1113 616 Episcopus
1135 534 1198 598 tres
1220 533 1252 597 et
1274 552 1341 598 am-

96 616 189 698 plius
212 615 324 680 abhinc
346 633 441 680 annos
464 617 593 682 aNobis
614 618 813 683 renunciatus
836 620 1038 702 episcopalem
1060 621 1163 703 posset
1185 637 1344 684 consecra-

96 703 234 778 tionem,
250 701 396 784 accipere.
419 703 587 786 Postquam
609 721 680 768 vero
703 703 915 770 Venerabilem
945 707 1083 772 Fratrem
1114 705 1347 791 sigismundum
1406 715 1414 724 ”

97 790 341 854 Varaaviensem
370 787 642 873 Archiepisoopum
671 810 689 854 a
724 811 778 856 suo
806 811 899 876 grege
929 792 1084 858 divulsum
1104 793 1135 856 in
1159 791 1346 876 longinquas

98 876 287 942 amandavit
309 874 459 959 regiones,
482 877 510 942 ci
532 877 722 944 severissime
749 879 915 944 interdicta
944 879 1027 944 omni
1057 897 1125 944 oum
1154 897 1227 944 suae
1250 879 1343 944 Dioe-

97 963 183 1029 cesis
205 961 347 1028 fidelibus
370 963 654 1039 communicatione,
669 965 826 1030 Dilectum
847 983 967 1050 quoque
986 965 1100 1030 Filium
1115 965 1251 1030 Paulum
1266 965 1345 1031 Rre-

99 1050 216 1126 wuslri,
238 1049 323 1114 illius
345 1049 503 1114 Vicariurn
520 1049 701 1117 Generalem
713 1053 745 1116 et
766 1050 1000 1136 Suffraganeum
1016 1053 1198 1136 Episcopum
1215 1053 1347 1118 Prusen-

99 1157 171 1203 sem
200 1137 233 1201 in
258 1137 398 1220 partibus
420 1135 596 1203 lnfidahum
626 1157 644 1202 a
666 1138 763 1204 Nobis
785 1139 928 1218 electum,
950 1141 983 1205 et
1004 1157 1162 1222 nunquam
1185 1139 1223 1204 cb
1245 1139 1343 1222 impe-

102 1225 248 1290 dimenta
270 1224 309 1288 ab
331 1223 397 1306 ipso
413 1221 568 1289 summio
590 1224 687 1290 allata
708 1227 918 1291 consecratum
939 1225 1070 1291 militari
1091 1245 1184 1291 manu
1208 1245 1347 1309 eompre-

100 1311 237 1376 hensum
257 1309 290 1374 in
312 1310 437 1376 exilium
461 1309 562 1393 ejecit.
608 1310 710 1394 Atque
732 1312 764 1376 id
796 1314 966 1395 propterea,
996 1313 1069 1396 quia
1098 1313 1180 1378 idem
1202 1311 1346 1378 Vioarius

103 1397 145 1462 de
176 1396 392 1462 ecclesiasticis
413 1397 547 1481 negotiis
580 1398 742 1481 Rescripta
773 1417 791 1464 a
819 1399 917 1464 Nobis
943 1399 1031 1465 motu
1058 1399 1183 1483 proprio‘
1210 1399 1285 1464 dats
1307 1397 1348 1464 ad

102 1482 185 1548 alios
217 1483 362 1550 Pcloniae
400 1483 577 1549 Ordinarios
605 1485 784 1568 perferenda
813 1485 951 1550 curabat.
1007 1485 1066 1550 Vir
1101 1487 1205 1551 autem
1240 1484 1347 1551 eodem
1462 1515 1467 1523 ·

101 1568 228 1634 Vicario
258 1568 402 1636 Generali
431 1569 464 1634 in
492 1569 617 1636 erilium
645 1571 749 1654 pulso,
780 1591 840 1637 non
870 1571 1026 1638 dubitarit
1055 1571 1154 1638 civilis
1176 1571 1345 1638 Varsauiae

102 1657 234 1723 Praeses
255 1655 486 1740 Metropolitani
506 1657 630 1740 Templi
651 1657 861 1723 Varsaviensis
885 1657 1053 1724 canonicos
1090 1659 1129 1723 ad
1163 1677 1195 1724 so
1226 1675 1344 1738 vocare,

104 1741 211 1828 eisque
232 1743 423 1826 praecipere,
453 1744 500 1822 ut,
522 1744 608 1809 nulla
629 1745 809 1828 interposita
840 1763 935 1824 mora,
958 1744 1115 1810 Vicarium
1138 1744 1347 1828 Capitularem

106 1846 126 1892 a
152 1847 185 1894 se
207 1831 395 1912 propositum
415 1831 574 1914 eligerent.
621 1830 740 1911 Quibus
760 1831 886 1914 injustis
908 1831 1065 1896 mandatis
1085 1830 1179 1896 iidem
1203 1829 1349 1896 Canonici

72 1970 76 1978 .
105 1915 218 1980 merito
257 1917 288 1981 et
319 1935 389 1982 cum
419 1935 523 1982 eorum
552 1917 644 1982 laude
666 1917 870 1997 obst'terunt,
905 1937 975 1982 cum
997 1917 1194 2002 potissimum
1221 1918 1346 2000 praesto

106 2003 211 2066 essent
233 2002 303 2082 alii,
333 2003 384 2086 qui
413 2003 451 2068 ab
482 2003 719 2087 Archiepisoopo
748 2003 944 2070 Vamauiensi
971 2003 1011 2070 ad
1040 2003 1157 2068 Vioarii
1187 2002 1347 2069 Generalis

99 2107 220 2154 ¹munus
245 2089 416 2155 obeundum
439 2090 562 2155 fuerant
584 2089 750 2168 destinati,
774 2091 892 2174 quoties
922 2091 1178 2156 commemoratus
1206 2089 1348 2154 Dilectus

110 2174 208 2240 Filius
235 2176 352 2241 Paulus
377 2177 539 2242 Rnewushi
565 2176 676 2242 fuisset
705 2177 864 2260 expulsus,
896 2177 1155 2260 quemadmodum
1183 2176 1348 2244 infeliciter

107 2261 219 2326 evenit,
263 2262 432 2328 Wilnensis
454 2264 560 2329 autem
582 2263 750 2348 Episcopus
773 2283 861 2330 asna
883 2262 1022 2330 Dioecesi
1049 2263 1195 2348 abreptus
1212 2263 1277 2348 jam
1294 2261 1348 2328 diu

109 2348 142 2412 in
165 2347 254 2414 exilio
275 2350 386 2416 misere
408 2349 496 2430 vivit,
520 2351 595 2434 quin
617 2349 681 2416 ullo
703 2350 792 2416 modo
826 2350 994 2434 episcopale
1017 2369 1107 2416 suurn
1129 2368 1241 2416 munus
1264 2369 1348 2416 exer·

108 2452 186 2512 cere,
209 2436 240 2499 et
263 2437 370 2520 gregia
392 2437 452 2502 sibi
474 2437 629 2502 commissi
651 2436 730 2502 bono
753 2437 909 2504 consulere
930 2437 1036 2521 possit.

211 2538 350 2621 Insuper,
373 2540 572 2606 venerabiles
594 2541 734 2618 Fratres,
763 2541 959 2625 promulgata
988 2541 1026 2606 ab
1059 2539 1165 2606 eodem
1189 2539 1346 2605 Gubernic

109 2627 179 2690 sunt
202 2625 336 2704 decreta,
363 2625 473 2710 quibus
495 2626 649 2692 catholica
667 2626 815 2704 Ecclesia,
842 2627 968 2712 ejusque
991 2627 1168 2705 auotoritas,
1199 2627 1286 2710 leges
1309 2645 1346 2692 ac

111 2711 271 2796 disciplina
293 2713 516 2795 proculcantur,
561 2713 703 2795 Namque
729 2713 813 2778 hisce
843 2713 974 2780 decretis
997 2713 1100 2780 omnia
1130 2732 1207 2796 pene
1239 2714 1346 2797 Regu-

110 2800 221 2864 larinm
243 2799 403 2884 utriusque
424 2817 513 2864 sexus
547 2798 697 2864 Ordinem
720 2798 872 2866 Coenobia
895 2800 933 2866 de
966 2801 1067 2866 medio
1096 2801 1221 2866 sublata
1249 2801 1344 2878 suere,

111 2886 200 2969 atque
223 2885 326 2951 omnia
352 2885 499 2969 cujusque
513 2885 676 2969 Regularis
692 2885 817 2952 Ordinis
835 2888 916 2952 bona
936 2887 1059 2970 publico
1081 2887 1199 2952 aerario
1222 2886 1345 2970 adjudi-

111 2973 194 3050 cata,
222 2974 254 3038 et
282 2971 487 3055 paucissimae
509 2971 684 3056 Religiosae
709 2973 876 3052 Familiae,
906 2991 985 3058 quae
1007 2972 1108 3038 adhuc
1130 2973 1302 3056 supersunt,
1327 2991 1345 3038 a

112 3078 231 3124 suorum
254 3057 449 3150 Summarum
472 3057 702 3125 Moderatorum
727 3059 879 3144 regimine
913 3060 1087 3125 abstractae
1124 3060 1155 3124 et
1185 3059 1347 3126 Ordinari-

112 3165 194 3209 orum
213 3144 421 3228 jurisdictioni
443 3144 608 3227 subjectae,
636 3145 667 3210 et
688 3145 849 3212 universus
873 3145 1050 3212 Cathohous
1080 3144 1187 3211 Oleros
1216 3147 1283 3211 tum
1314 3145 1347 3209 in

112 3231 235 3296 Polonia
258 3231 326 3296 tum
358 3231 391 3296 in
413 3231 596 3296 Russiarum
617 3232 750 3314 Imperio
773 3233 914 3298 omnibus
937 3232 1000 3298 suis
1022 3231 1110 3299 bonis
1134 3232 1183 3297 vel
1210 3233 1249 3297 ad
1266 3231 1347 3314 ‘Epi-

113 3335 223 3402 socpcs,
246 3317 295 3384 vel
317 3317 356 3382 ad
379 3315 601 3384 canonicorum
625 3317 773 3402 Collegia,
788 3319 837 3384 rel
860 3319 900 3384 ad
922 3318 1091 3402 parochiae,
1115 3318 1163 3383 vel
1186 3318 1226 3382 ad
1247 3318 1346 3382 eccle·

113 3405 234 3471 siastica
255 3403 413 3484 beneficia,
436 3405 485 3472 rel
508 3405 547 3470 ad
562 3404 719 3488 quaelibet
741 3405 804 3470 aha
818 3405 870 3488 pia
904 3407 936 3472 et
950 3405 1095 3489 religiosa
1109 3403 1255 3470 instituta
1278 3423 1347 3486 per-

112 3491 277 3560 tinentibus
311 3491 477 3575 spoliatur,
516 3491 548 3558 et
586 3489 750 3556 eorundem
786 3492 934 3558 bonorum
959 3491 1076 3556 reditus
1114 3490 1231 3575 publici
1268 3489 1347 3554 aeris

115 3580 203 3645 alieni
226 3579 486 3646 administrationi
509 3577 755 3644 committuntur.
799 3577 903 3662 Atque
931 3577 1046 3644 eisdem
1079 3575 1211 3643 decretis
1241 3577 1348 3642 contra

113 3665 329 3730 ecclesiasticas
350 3666 445 3749 leges,
469 3667 576 3730 contra
598 3681 773 3748 supremam
795 3665 887 3748 hujus
913 3662 1046 3730 Sanctae
1068 3663 1156 3729 Sedis
1179 3663 1347 3730 auctorita-

112 3751 224 3816 temet
249 3751 351 3815 omnia
374 3751 447 3834 jura
472 3751 621 3816 statuitur
654 3769 732 3816 nora
758 3749 903 3816 catholici
919 3749 1001 3816 (lleri
1023 3749 1191 3834 dispositio,
1214 3768 1292 3814 nora
1314 3749 1347 3814 iu

113 3837 246 3902 omnibus
272 3836 470 3901 Dioecesibus
495 3835 642 3920 cujusque
674 3834 896 3902 Oanonicorum
912 3836 1043 3922 (tellegii
1072 3835 1225 3902 existendi
1254 3835 1345 3914 ratio,

112 3921 624 4092 tltrttl{trititiam
645 3921 1026 4074 irritatricis
1039 3923 1257 4074 ,tirrici
1273 3923 1347 4074 tlh

113 4097 166 4179 ipsi
192 4061 256 4162 sine
283 4095 432 4162 (hibernii
454 4110 602 4160 consensu
628 4093 750 4158 nullum
774 4095 958 4178 parochum,
985 4095 1104 4158 nullum
1132 4057 1347 4178 parochiarum

114 4183 397 4260 administratorem,
421 4182 476 4247 aut
501 4180 650 4246 vicarium
673 4179 786 4264 eligere
807 4180 935 4264 possint.
980 4179 1127 4264 Ejusdem
1153 4183 1258 4247 autem
1281 4179 1346 4245 Gu-

113 4269 203 4333 bernii
229 4269 349 4334 decreto
373 4267 617 4335 Gameneciensis
649 4265 800 4332 catholica
823 4267 978 4332 Dioecesis
1000 4285 1180 4350 suppressa,
1214 4286 1251 4331 ac
1276 4285 1346 4348 pro-

114 4354 173 4438 prio
197 4355 340 4436 adempta
364 4355 481 4438 pastori
507 4373 577 4420 cum
599 4353 818 4432 Luoeoriensis,
845 4353 877 4420 et
896 4353 1125 4421 Zitomeriensis
1150 4353 1346 4418 Dioecesium

116 4439 374 4508 administratione
407 4440 469 4506 fuit
496 4440 666 4522 conjuncta.
711 4439 860 4524 Legitimi
886 4439 1129 4507 Sandomirensis
1167 4441 1198 4504 et
1234 4437 1346 4504 Cracc-

115 4526 218 4594 nensis
242 4526 423 4611 praesertim
438 4525 632 4592 Dioecerium
653 4526 785 4592 Parochi
807 4527 848 4592 ad
862 4525 1012 4594 Gubemii
1039 4525 1203 4592 arbitrium
1228 4524 1265 4590 de
1280 4541 1344 4590 una

43 4697 45 4702 Ι
116 4613 149 4680 ad
178 4613 270 4681 aliam
302 4613 479 4699 parochiam
507 4612 659 4694 traducti,
686 4612 726 4680 de
751 4613 872 4700 proprio
903 4614 1002 4700 gradu
1027 4611 1196 4720 deturbati,
1226 4611 1342 4698 aliique
