3170 5128
176 273 247 350 1⁰2
282 305 290 318 ·
312 289 450 346 llrtnodsn
469 301 516 344 mr
535 287 697 353 ptpsttlenen
716 274 883 342 benlsebrib
903 299 961 342 som
982 268 1019 342 1⁵}
1039 287 1185 343 November
1204 289 1277 343 lent.
1358 255 1362 261 ’

171 481 238 546 tam
258 479 342 546 lente
368 479 545 558 trabuntur,
568 478 827 548 transmittendae
855 477 970 546 etenim
994 479 1067 544 sunt
1092 497 1146 562 per
1172 480 1426 566 gubernatorem

171 582 294 652 civilem
307 583 348 650 ed
362 583 537 668 generalem
552 584 801 668 gubernatorem,
825 583 863 648 ab
887 583 945 648 hoo
965 581 1005 647 ed
1026 583 1201 668 episcopum
1225 583 1412 650 dominantis

171 687 330 774 religionis
352 688 622 772 (schismaticum),
645 687 698 772 qui
721 687 821 754 denuo
839 688 873 752 in
892 705 1002 754 manus
1025 689 1178 771 generalis
1198 689 1412 774 gubernatoris

171 791 320 870 restitnit,
343 793 380 858 ut
403 792 560 860 mediante
576 792 644 876 ipso
661 791 700 858 ad
716 791 925 858 ministerium
947 811 1110 858 causarum
1124 793 1316 860 internarum
1337 792 1413 858 diri·

172 897 333 982 gerentur:
364 896 396 964 et
423 897 489 962 rica
519 913 608 962 versa
633 895 717 962 idem
741 894 802 962 iter
828 895 992 976 traiciunt,
1022 898 1090 962 turn
1117 897 1299 964 durantibus
1328 897 1413 962 hisee

171 999 424 1080 formalitatibus,
458 1018 562 1066 omnes
587 1000 769 1083 potestates,
802 998 928 1066 aliunde
963 1001 1059 1066 etism
1093 999 1221 1068 dirersis
1243 1001 1415 1070 innumeris

173 1104 316 1190 operibus
330 1103 494 1184 distensas,
509 1105 560 1172 sis
574 1104 659 1172 ultra
674 1105 810 1187 spatium
825 1103 917 1172 unius
934 1105 1017 1184 anni,
1034 1106 1193 1190 negotium
1212 1105 1414 1190 reparationis

174 1208 313 1292 expedire
333 1209 476 1292 possent:
498 1207 625 1276 interim
639 1227 711 1274 vero
727 1208 866 1288 ecelesia,
889 1209 939 1274 oui
960 1228 1015 1292 per
1038 1210 1169 1276 celerem
1186 1212 1414 1295 reparationem

174 1311 284 1396 exigno
297 1313 425 1396 sumptu
447 1301 685 1394 suodurreretur,
707 1331 762 1396 per
782 1303 850 1404 tam
864 1313 990 1398 longum
1012 1315 1147 1398 tempus,
1170 1315 1202 1386 in
1218 1317 1318 1383 varias
1335 1316 1423 1401 aeris¹

174 1417 375 1500 tempestates
389 1416 455 1483 sine
476 1416 630 1500 praesidio
653 1416 798 1500 exposita,
821 1418 855 1482 in
879 1417 1101 1484 desolationem
1123 1422 1284 1504 tantopere
1303 1419 1415 1498 tendit,

174 1521 335 1604 ut'neque
358 1519 507 1603 parocho,
530 1522 654 1606 propter
679 1521 845 1588 tenuitatis
873 1524 1068 1606 pensionem,
1098 1542 1195 1606 neque
1220 1523 1415 1608 parochianis

175 1623 407 1690 Mobiloviensis
421 1626 454 1690 at
468 1624 678 1695 Vitebsoensis
698 1625 850 1710 gubernii,
875 1625 909 1690 in
935 1626 1047 1709 quibus
1073 1628 1251 1710 saepissime
1278 1647 1417 1694 annonae

175 1727 326 1796 sterilitas
352 1728 475 1807 accidit,
497 1729 578 1796 vires
604 1729 776 1807 sufficiant,
799 1747 904 1797 omnes
929 1729 1101 1812 impensas,
1124 1750 1200 1814 quos
1227 1731 1417 1798 deteriorata

177 1833 322 1902 senlesim
338 1832 473 1900 condrio
495 1833 640 1916 exposcit,
664 1833 881 1918 supportandi:
904 1833 1014 1918 quodsi
1034 1834 1198 1902 intervallo
1220 1837 1313 1919 hujus
1335 1825 1417 1904 t'em·

175 1938 267 2022 poris,
290 1936 440 2004 desolatio
455 1935 602 2002 mammo
617 1955 750 2020 eousque
771 1937 911 2018 creverit,
933 1938 970 2002 ut
991 1937 1091 2006 forma
1105 1933 1180 2022 ‘ojus
1202 1941 1327 2010 externa
1350 1961 1419 2008 mu-

177 2031 328 2109 tationem
354 2039 458 2128 subire
485 2039 613 2117 remor,
641 2059 668 2106 o.
695 2060 726 2124 g.
755 2039 880 2108 levandi
905 2040 1006 2106 onena
1028 2060 1121 2109 eausa
1147 2042 1419 2111 monumentorum

179 2147 298 2214 auisme
318 2147 434 2223 tumes,
457 2144 551 2212 nacta
570 2143 697 2210 licentia
719 2143 760 2210 ad
780 2144 914 2210 nihilum
938 2145 1071 2228 amplius
1093 2147 1226 2226 valebit,
1249 2147 1322 2230 quia
1343 2167 1419 2233 opus
1504 2216 1508 2224 ,
1578 2111 1579 2146 ³

178 2251 260 2316 ieret
273 2249 381 2317 eadem
403 2247 465 2326 via,
490 2247 604 2316 iterum
626 2267 659 2314 se
682 2247 722 2314 sd
737 2247 860 2316 easdem
880 2249 1063 2332 potestates,
1086 2267 1121 2316 ec
1143 2250 1266 2334 insuper
1281 2252 1321 2316 ad
1335 2271 1417 2318 eom-

178 2353 356 2420 missionsm
378 2351 515 2420 aedilem·
533 2351 676 2436 dirigere.
722 2352 764 2442 Et
789 2351 918 2418 ecelesia
940 2353 1047 2434 procul
1069 2352 1162 2420 dubio
1184 2354 1267 2420 inter
1287 2355 1336 2420 tot
1356 2355 1417 2420 for·

179 2457 338 2526 melilotos
363 2457 436 2525 urst
461 2457 590 2539 oportet.
642 2454 724 2536 Quid
749 2475 829 2524 nunc
859 2455 1040 2535 dicendum,
1066 2457 1121 2524 ubi
1146 2460 1284 2542 potestas
1309 2459 1419 2538 civilis,

179 2563 270 2648 prout
284 2561 415 2630 Vestras
429 2558 637 2630 Excellentioo
653 2577 689 2624 en
702 2558 780 2626 meis
794 2557 910 2626 littons
925 2560 1033 2626 notum
1048 2563 1106 2640 est,
1127 2563 1310 2654 permultos
1326 2583 1423 2630 annos

181 2663 433 2750 procrastinando
464 2662 625 2730 licentiam
649 2663 838 2746 reparandae
866 2663 1051 2748 parochialis
1078 2666 1239 2745 eeclesiae,
1273 2667 1423 2735 terminat

182 2768 313 2854 denique
326 2787 382 2852 per
404 2768 581 2836 absolutam
595 2770 699 2852 negot
731 2767 767 2832 Id
784 2787 810 2834 e.
826 2787 852 2832 e.
869 2767 1005 2834 obtinuit
1026 2769 1064 2836 de
1079 2769 1255 2836 Possinensi
1276 2771 1421 2856 (Possim.)

109 2903 112 2908 ·
182 2871 323 2952 aedan,
344 2891 424 2958 qnae
444 2873 478 2940 et
496 2873 536 2942 sb
559 2871 687 2956 antiquo
710 2872 816 2938 ematit
836 2873 984 2956 tempore,
1007 2875 1039 2941 et
1060 2893 1114 2958 per
1134 2883 1311 2959 supremum
1333 2895 1423 2941 man·

182 2977 292 3050 nrum
306 2976 339 3042 in
353 2995 483 3048 nunnrn
495 2976 680 3046 metantium
695 2977 880 3056 continetur,
903 2977 935 3044 et
951 2996 970 3042 a
984 2996 1033 3044 me
1047 2997 1101 3060 pro
1117 2979 1257 3045 absolute
1279 2967 1427 3045 nooman?

182 3080 230 3158 ria
251 3081 371 3166 agnita
395 3081 427 3146 et
449 3080 583 3166 quinque
597 3080 698 3150 milba
712 3079 967 3163 parochianorum
982 3082 1150 3165 computat.
1195 3083 1232 3147 In
1246 3083 1305 3150 hoo
1319 3103 1424 3150 rerum

133 3246 138 3254 .
183 3185 286 3262 stetu,
314 3183 389 3254 dnm
411 3203 521 3268 nempe
547 3185 677 3252 fidentia
701 3183 864 3268 reparandi
888 3183 972 3248 haud
998 3184 1190 3250 conceditur:
1224 3185 1424 3252 ulterioribus

183 3286 265 3354 enim
280 3285 367 3366 limos
380 3287 470 3358 aaut
484 3287 536 3355 vis
559 3287 593 3354 in
606 3285 867 3356 restaurationem
885 3287 977 3350 unius
999 3288 1145 3354 ecclesiae
1167 3290 1350 3358 facultatem
1369 3291 1424 3355 ob-

183 3389 272 3470 tinui,
297 3383 484 3474 parentulis
499 3390 646 3458 ecclesiae
660 3389 695 3454 in
711 3388 858 3457 rdtimam
878 3389 1098 3456 desolationem
1119 3393 1223 3460 venire
1246 3393 1368 3472 debent,
1392 3393 1425 3462 et

186 3493 384 3578 waramum
398 3494 549 3577 unquam
563 3493 701 3578 periculo
708 3491 905 3572 minitantes,
921 3494 1135 3562 convenienter
1150 3498 1267 3582 regulis
1281 3498 1426 3564 commis·

184 3597 282 3666 mona
301 3597 422 3678 aedilis,
444 3599 537 3682 atque
560 3591 716 3682 exemplis,
739 3616 818 3680 quae
832 3596 865 3661 in
878 3596 996 3664 litteris
1011 3599 1151 3674 ministri
1169 3601 1209 3666 ad
1223 3621 1299 3668 rom.
1316 3603 1425 3668 catho-

183 3703 280 3774 tun
295 3701 468 3788 Collegium
483 3701 610 3771 directis
625 3702 789 3781 habentur,
812 3701 925 3786 sigillis
941 3701 1148 3787 obsignandas
1164 3707 1263 3772 erunt.
1308 3703 1425 3771 Suliul-

183 3809 237 3880 tus
260 3806 384 3892 ambus
408 3807 594 3879 neumam
620 3807 700 3874 mibi
723 3805 949 3886 tribuentibus,
979 3809 1101 3890 partem
1125 3810 1202 3878 tecti
1223 3830 1278 3894 per
1297 3809 1426 3878 uentum

185 3909 286 3979 aaut
313 3910 350 3980 ia
370 3909 502 3980 ambedo
520 3910 946 3996 nonannoebynensi,
969 3931 1049 3995 quas
1070 3912 1101 3977 vi
1122 3913 1261 3980 mandati
1285 3911 1426 3978 Caesaris

184 4011 370 4098 paroehialis
395 4013 522 4098 agnita,
557 4014 591 4080 in
617 4033 747 4083 numae
771 4013 956 4088 statualiunr
982 4014 1181 4093 conmmata,
1212 4005 1305 4099 atoue
1339 4015 1425 4080 3015

185 4117 407 4188 catbelioorum
422 4118 591 4197 continens,
614 4118 749 4197 masne,
770 4137 826 4184 neo
848 4137 909 4184 uon
929 4119 1006 4184 alias
1026 4119 1112 4202 parvi
1130 4119 1278 4186 momenti
1300 4137 1426 4202 repera-

145 4241 147 4247 ·
186 4223 301 4291 ranem
326 4222 471 4307 portione
497 4223 648 4305 permisis
668 4243 775 4292 vorum
801 4223 852 4291 ris
876 4223 1016 4306 operarii¹
1033 4222 1073 4288 ad
1098 4223 1323 4289 restituendam
1349 4224 1427 4288 teeti

185 4328 316 4412 putem,
339 4345 376 4394 so
391 4326 431 4395 ad
446 4325 660 4409 cooperiendas
676 4327 813 4406 fissures,
837 4325 948 4409 quibus
970 4326 1075 4409 pluvia
1090 4327 1305 4392 effundebatur
1323 4346 1427 4394 acees-

186 4433 304 4510 serunt,
326 4449 398 4503 com
412 4429 516 4498 subito
530 4430 668 4498 ministri
686 4430 824 4514 politiae,
848 4431 961 4516 agente
983 4431 1132 4516 superiori
1153 4433 1317 4516 potestate,
1341 4433 1426 4498 nullo

186 4535 294 4606 hobia
318 4535 461 4619 respectu
485 4535 574 4618 legis,
599 4553 692 4618 supra
717 4535 833 4615 diotae,
868 4555 972 4604 omnes
997 4537 1173 4604 laborantes
1199 4536 1426 4620 dissipaverint,

187 4639 410 4725 mumurque
429 4638 590 4724 patentem
615 4639 806 4724 reliquerint.
852 4640 922 4708 Tali
944 4640 1051 4726 modo,
1072 4641 1161 4726 juxte
1183 4625 1298 4708 decani
1313 4659 1349 4705 ac
1370 4657 1426 4722 pa-
