3170 5128
236 226 448 294 ultramontes
467 229 540 284 trab.
561 243 583 284 r.
603 229 723 286 uestros
746 234 784 288 tl.
802 225 920 288 october'
932 231 997 288 18⁵2
1015 245 1048 290 rn
1067 235 1117 290 den
1134 235 1232 292 llolser.
1280 221 1350 297 ¹05

100 416 265 502 paratione
281 416 471 504 indigentes,
496 418 598 504 magis
622 437 659 486 ac
686 423 787 506 magis
809 421 842 486 in
863 440 1007 508 praeceps
1023 425 1122 505 actae,
1144 423 1353 492 1331113313-

100 541 189 589 mum
202 521 433 588 desolabuntur.
456 521 554 608 Leges
565 523 657 601 onim,
673 544 752 608 quae
765 525 853 592 unice
866 545 958 594 novas
969 528 1137 596 erectiones
1149 531 1347 610 concernunt,

103 645 175 691 cnm
190 625 284 709 pleno
304 626 417 709 rigore,
440 627 476 690 ut
500 645 535 692 ex
552 627 667 693 litteris
683 627 844 696 Generalis
860 629 1080 698 Gubernatoris
1100 633 1207 698 adme
1228 633 1353 700 directis

103 731 209 815 patet,
240 729 280 794 ad
305 729 565 816 qualemcumque
592 733 850 800 restaurationem
876 735 1090 802 extenduntur.
1145 736 1183 802 In
1208 737 1353 802 consueto

104 855 208 902 rernm
225 835 342 914 ordine,
366 833 486 918 quando
510 854 536 900 e.
553 854 578 902 c.
594 837 704 904 sentus
719 838 802 903 tecto
814 837 963 906 'ecclesiae
978 839 1200 906 detrimentum
1218 839 1353 906 adferret

18 953 20 1022 t
105 941 154 1006 rel
176 939 312 1024 parietes
331 940 387 1004 aut
402 940 628 1006 concameratio
643 941 812 1021 scindetur,
835 942 885 1008 rel
906 943 1038 1028 deniquo
1060 943 1161 1010 simile
1185 943 1258 1028 qnid
1279 961 1353 1010 con·

18 1027 20 1084 l
106 1046 220 1131 tinget,
243 1045 388 1128 prompta
404 1059 439 1108 ac
453 1041 541 1109 velox
555 1041 718 1127 reparatio,
743 1063 814 1110 oum
836 1046 939 1130 parvis
954 1045 1110 1132 impensis,
1134 1047 1166 1114 et
1190 1046 1352 1114 ecclesiam

108 1151 144 1216 ab
167 1147 311 1216 ulteriori
327 1147 515 1213 desolatione
538 1147 619 1214 tueri
635 1149 668 1214 at
682 1149 883 1232 parochianos
905 1150 943 1218 ab
966 1151 1110 1218 1111333113
1126 1152 1247 1218 casibus
1262 1170 1351 1236 prae·

107 1254 227 1321 munim
247 1253 361 1338 potest.
405 1251 465 1318 Sed
487 1251 561 1317 siin
583 1253 789 1336 reparatione,
812 1253 920 1320 eadem
942 1255 1168 1322 formalitatum
1189 1255 1293 1335 sorios,
1316 1273 1352 1322 ac

107 1360 160 1425 illa
186 1375 269 1441 quae
292 1357 331 1420 ad
358 1357 617 1422 constructionem
643 1376 739 1422 norae
762 1359 909 1424 ecclosias
934 1359 1086 1439 refertur,
1111 1361 1352 1444 percurrcrctnr,

109 1467 171 1528 tum
195 1462 303 1527 stante
326 1461 422 1526 etiam
443 1459 560 1544 optima
587 1459 747 1547 regiminis
770 1462 869 1528 civilis
892 1463 1063 1544 voluntate,
1086 1465 1247 1549 negotium
1266 1463 1352 1530 istud

111 1567 316 1652 pertransiens
338 1584 442 1630 omnes
457 1565 626 1632 instantiae
643 1565 751 1645 civilis,
775 1567 961 1660 dominantis
976 1569 1178 1635 confessionis
1195 1589 1230 1634 ac
1245 1569 1353 1636 catho-

112 1673 180 1738 heae
204 1671 411 1756 potestatum,
438 1687 516 1754 quae
539 1669 663 1734 aliunde
686 1669 814 1736 diversis
836 1672 945 1738 multis
969 1673 1103 1758 negotiis
1123 1673 1350 1751 distrahuntur,

120 1778 150 1841 ad
166 1776 336 1843 minimum
350 1773 510 1857 peronius
526 1773 598 1838 anni
621 1774 756 1858 spatium
778 1775 938 1842 terminari
961 1775 1086 1842 valebit.
1131 1777 1215 1843 Dum
1233 1777 1352 1842 interca

120 1881 249 1958 ecclesia,
274 1879 356 1943 omni
371 1877 562 1961 reparatione
586 1879 704 1958 orbata,
728 1877 766 1944 de
788 1879 838 1944 die
864 1879 904 1944 ad
928 1881 1010 1946 diem
1034 1881 1196 1966 tantopere
1210 1881 1243 1946 in
1264 1881 1352 1964 pejus

111 1985 293 2062 mutabitur,
317 1983 353 2047 ut
379 1981 507 2046 obtenta
530 1982 625 2047 etiam
651 1981 779 2066 posthac
804 1984 966 2068 regiminis
993 1985 1092 2052 civilis
1117 1985 1263 2064 boeotia,
1285 1987 1351 2051 tam

111 2091 214 2155 curato
242 2089 282 2153 ob
309 2087 374 2170 ejus
400 2085 587 2150 tenuitatem
612 2087 776 2172 pensionis,
800 2109 893 2172 quam
916 2090 1110 2176 parochianis
1132 2091 1353 2175 guberniorum
1412 2123 1414 2130 ·

110 2195 255 2259 continno
276 2191 340 2256 fere
362 2189 566 2256 sterelitatem
588 2209 726 2258 annonae
741 2194 1040 2282 persentiscendum,
1061 2193 1142 2260 vires
1161 2195 1291 2260 deerunt
1312 2194 1352 2260 ad

109 2295 336 2382 providendum
356 2294 395 2359 iis
417 2293 573 2378 impensis,
597 2315 674 2379 quas
690 2296 895 2364 deterioratae
917 2299 1063 2364 ecelesiae
1086 2300 1186 2364 status
1208 2299 1353 2381 expostu-

105 2402 196 2468 labit.
243 2398 303 2466 Sed
329 2398 403 2484 quid
429 2397 547 2478 dicam,
570 2398 625 2464 ubi
645 2399 777 2466 facultas
802 2401 948 2467 ccclesias
974 2401 1165 2486 parochiales
1189 2400 1354 2484 reparandi

108 2505 299 2590 permultos
321 2522 415 2570 annos
431 2503 619 2586 expectatur,
643 2506 675 2570 et
701 2505 826 2572 demum
848 2506 974 2572 licentia
1001 2506 1142 2572 absolute
1165 2506 1351 2592 denegatur:

109 2612 157 2676 ita
171 2609 328 2694 contingit
343 2629 369 2675 e.
384 2629 409 2675 c.
423 2629 492 2676 cum
505 2609 682 2676 Possinensi
698 2609 836 2688 ecclesia,
853 2609 891 2674 ab
906 2610 1031 2694 antiquo
1043 2611 1181 2694 tompore
1191 2611 1353 2688 existente,

107 2734 163 2799 per
178 2733 355 2798 supremam
370 2715 562 2780 voluntatem
584 2713 672 2777 tuam
694 2713 776 2778 inter
797 2713 988 2796 parochiales
1011 2716 1200 2798 computata,
1223 2735 1279 2782 nec
1293 2733 1354 2780 non

113 2817 292 2886 continente
308 2819 392 2884 5000
408 2818 639 2884 catholicorum.
669 2817 714 2882 Er
729 2817 814 2882 hisce
829 2818 971 2884 omnibus
985 2819 1185 2886 manifestum
1202 2817 1353 2896 redditur,

109 2922 255 2988 ccclesias
270 2922 469 3004 parochiales,
494 2921 670 3006 rigentibus
685 2921 782 2986 tantis
799 2921 1046 3003 difficultatibus,
1070 2923 1124 2988 diu
1146 2923 1212 2988 sine
1227 2939 1354 3005 repara·

108 3028 196 3092 tione
223 3027 389 3111 consistere
415 3045 476 3094 non
500 3045 608 3110 posse,
639 3028 714 3110 quin
735 3025 847 3092 ultimo
873 3045 934 3092 non
957 3026 1186 3103 desolarentur,
1217 3025 1354 3109 (rogando

108 3131 219 3199 codem
241 3131 378 3214 tempore
396 3129 648 3196 commissionem
672 3129 813 3208 aedilem,
837 3131 883 3207 ut,
907 3130 1122 3196 convenienter
1144 3129 1208 3194 suis
1222 3127 1351 3212 regulis,

108 3233 290 3319 hujusmodi
306 3233 451 3313 ecclesiis,
473 3235 624 3317 tanquam
645 3233 781 3318 periculo
803 3233 1030 3312 minitantibus,
1053 3233 1195 3318 sigillum
1210 3233 1351 3315 adponat.

109 3339 280 3416 Sollicitus,
307 3358 361 3421 pro
387 3357 455 3404 meo
482 3337 600 3416 officio,
625 3337 662 3402 de
689 3337 820 3402 funemis
847 3336 1063 3415 consectariis,
1087 3355 1165 3420 quae
1191 3357 1227 3404 ex
1248 3337 1354 3421 legum

16 3505 18 3514 ,
108 3443 302 3512 sancitorum
316 3441 582 3526 praetermissione
597 3441 707 3520 fluunt,
731 3441 824 3524 atque
846 3440 1018 3506 athomum
1033 3439 1196 3509 interitum
1216 3441 1354 3508 omnium

16 3561 18 3568 “
108 3547 335 3614 cathohoarnm
357 3545 556 3612 ecclesiarum
571 3547 641 3630 post
663 3564 696 3610 se
717 3543 857 3620 trahunt,
882 3560 961 3626 quas
983 3543 1089 3608 tamen
1112 3545 1259 3610 contiuua
1281 3563 1355 3610 carc

107 3653 143 3719 et
166 3651 360 3735 reparatione
382 3670 458 3735 opus
479 3651 612 3728 habent;
636 3650 668 3715 ct
689 3648 784 3714 simul
805 3645 986 3730 praevidens
1009 3645 1042 3712 in
1063 3646 1148 3714 hisce
1173 3664 1277 3714 rerum
1298 3647 1355 3712 ad·

103 3755 237 3842 junctis,
260 3755 360 3820 multa
382 3753 479 3820 millia
501 3753 724 3820 catholicorum
745 3752 862 3836 templo
877 3769 932 3816 suo
945 3749 1105 3834 privanda,
1132 3750 1254 3828 divinis,
1276 3769 1355 3834 quac

106 3861 144 3928 in
166 3859 270 3943 aliquo
285 3858 425 3926 cubiculo
447 3859 498 3924 nel
519 3857 608 3924 domo
624 3857 756 3942 alicujus
779 3855 933 3942 agricolas
952 3853 1199 3932 celebrabuntur,
1223 3855 1279 3926 sab
1305 3853 1355 3920 dio

106 3966 262 4032 interesse
288 3962 414 4039 debere;
437 3981 495 4047 ego
519 3961 642 4027 litteras
666 3980 752 4026 meas
778 3961 847 4026 tum
869 3959 909 4026 ad
933 3959 1056 4026 civilem
1075 3959 1135 4027 loci
1157 3945 1355 4042 potestatam,

36 4065 41 4075 ’
107 4072 180 4136 tum
203 4065 242 4132 ad
264 4065 471 4144 ministerium
493 4083 655 4130 causarum
676 4063 870 4132 internarum
889 4063 1103 4148 expediebam,
1129 4061 1355 4130 instantissime

107 4174 296 4256 deprecans,
319 4169 408 4234 nixrm
430 4167 566 4254 legibus,
589 4168 773 4234 facultatem
798 4167 896 4232 libero
922 4167 1084 4250 reparandi
1111 4166 1275 4244 ecelsis,
1302 4165 1355 4232 sed

108 4275 306 4341 interventus
323 4293 408 4338 meus
431 4272 552 4338 nullum
573 4271 687 4338 habuit
711 4271 835 4338 exitum.
881 4269 992 4352 Quare,
1016 4271 1104 4338 nulla
1123 4270 1185 4336 alia
1207 4270 1258 4340 via
1278 4269 1356 4334 mihi

109 4380 229 4457 restat,
261 4395 354 4461 qnam
377 4377 416 4442 ad
441 4375 535 4461 pedes
562 4377 647 4448 Tuae
673 4373 893 4460 imperatoriae
918 4373 1095 4458 Maiestatis
1119 4372 1355 4457 procumbendo,

111 4483 327 4550 subditissime
354 4482 455 4564 totum
481 4481 527 4546 rei
553 4481 688 4560 statum,
722 4499 791 4546 cum
821 4475 1000 4562 plenissima
1028 4475 1141 4542 fiducia
1166 4475 1356 4562 ingratiam
