3068 5124
182 223 259 308 4114
359 243 404 296 lile
422 255 491 298 3333
507 243 630 310 Bebasen
648 257 707 298 rum
725 245 817 300 ostem.
837 243 980 298 concordat
998 257 1057 298 vom
1074 247 1151 300 Jeme
1173 247 1250 300 1855.

182 429 213 502 9)
231 429 310 494 turs
328 428 434 490 1113333
456 429 547 490 inu.
573 431 733 585 1333113αᾶ3
756 431 838 586 311Ιὲ
855 429 936 584 133311
953 433 980 489 d.
1001 431 1170 490 31133333
1191 433 1238 492 18.
1257 435 1346 506 Aug.
1374 429 1478 492 1855.
1510 439 1511 514 i

722 539 791 604 opra
838 539 862 586 r.
902 570 908 584 .

470 621 646 688 Celsissima
663 641 698 688 ac
713 621 980 689 Reverendissime
995 623 1141 688 Domine!

289 729 440 795 Redditae
454 727 533 792 mihi
558 729 631 793 sunt
653 729 762 793 literas
778 727 978 794 celsitudinis
993 729 1080 793 Tuae
1094 729 1193 793 Rmae
1209 729 1261 794 die
1278 729 1340 792 17.
1357 729 1476 811 hujus
1511 735 1512 798 l

183 817 296 884 mansis
319 815 358 881 ad
380 833 430 880 me
453 813 555 892 datae,
578 815 689 896 quibus
711 815 798 879 nulla
820 832 907 878 mora
931 815 1109 897 respondeo,
1137 815 1309 879 declarans
1338 815 1475 880 Ponti·

183 902 286 968 ficiam
307 900 542 966 instructionem
555 900 655 983 quoad
672 901 881 965 substantiam
897 901 1085 966 conformem
1100 902 1241 966 futuram
1258 901 1471 974 desideriis

184 1007 261 1072 quas
288 986 445 1054 Galsitndo
473 985 539 1050 Tuo
564 987 645 1052 Rana
667 987 744 1051 mihi
759 986 877 1070 pandit,
902 987 935 1050 in
957 987 1219 1066 adnotationibus,
1246 1007 1340 1070 qnae
1361 989 1470 1052 erant

185 1075 323 1158 adjectae
349 1071 528 1138 memoratis
559 1071 758 1137 Celsitudinis
786 1073 871 1137 Tuae
907 1073 1023 1152 literis,
1054 1076 1087 1138 et
1114 1093 1247 1156 quanam
1276 1075 1470 1156 exemplar

187 1162 259 1226 3313
280 1177 367 1224 meae
390 1158 538 1240 epistolae
559 1159 692 1224 1331333.

288 1245 459 1310 Dumtaxat
486 1244 568 1308 31333
594 1245 662 1310 Art.
691 1244 758 1310 VII.
786 1243 996 1309 adnotandum
1026 1245 1105 1309 mihi
1131 1248 1196 1323 est,
1220 1244 1465 1310 Sanctitatem

186 1333 283 1399 Suam
297 1331 330 1395 in
341 1329 548 1396 Instructione
562 1329 736 1396 locuturam
750 1329 840 1412 plano
856 1329 889 1394 13
904 1349 994 1395 33333
1011 1329 1216 1396 adnotationis
1233 1331 1275 1396 sd
1292 1332 1463 1396 eumdem

186 1417 375 1494 Articulum,
398 1416 444 1481 ita
458 1417 574 1493 tamen,
590 1417 626 1480 nt
646 1415 732 1480 salva
747 1417 903 1496 maneant,
923 1435 1000 1498 qnae
1016 1418 1198 1482 statuuntur
1213 1419 1244 1481 in
1261 1421 1463 1482 memorato

186 1503 328 1580 articulo,
355 1502 410 1566 uhi
438 1501 568 1566 dicitnr:
595 1502 746 1582 >Quinam
772 1502 845 1566 libri
872 1502 904 1566 in
930 1502 1039 1568 iisdem
1066 1503 1179 1568 scholis
1206 1503 1389 1584 (nimirum
1428 1506 1461 1568 in

189 1577 355 1674 Gymntsio
378 1588 463 1653 33113
479 1607 555 1671 quas
571 1587 688 1654 medias
703 1589 826 1673 vocant)
849 1588 888 1652 ad
905 1589 1082 1672 religiosam
1096 1589 1284 1654 tradendam
1300 1591 1461 1654 instruc·
1513 1619 1514 1698 p

188 1677 307 1743 tionem
321 1673 488 1742 adhibendi
511 1673 583 1752 sint,
599 1673 742 1758 Episcopi
757 1673 879 1738 collatis
894 1673 976 1738 inter
998 1694 1030 1739 se
1047 1676 1183 1740 consiliis
1197 1677 1385 1742 statuant«
1513 1707 1514 1728 1

292 1760 398 1840 Quoad
424 1761 492 1825 Art.
519 1760 633 1824 XXIV.
661 1759 817 1825 Sanctitas
844 1759 906 1824 Sua
931 1760 1071 1826 monebit
1097 1761 1280 1844 Episcopos,
1321 1765 1365 1826 ut
1397 1783 1458 1846 pa-

188 1847 311 1914 rochias
331 1849 362 1912 et
386 1845 449 1911 3113
470 1846 619 1912 33333313
645 1845 854 1910 3331331333133
876 1845 960 1910 haud
984 1847 1141 1912 conferant
1168 1847 1242 1912 viris
1270 1848 1457 1930 Majestati

189 1935 269 2001 Suae
285 1933 388 1998 minus
399 1931 508 2016 gratis.
533 1932 619 1996 Haec
632 1932 715 1997 dicta
731 1931 902 1996 3133331333
918 1933 958 1996 ad
969 1933 1208 1998 instructionem
1220 1933 1458 2010 Pontificiarn;

188 2021 287 2086 relate
302 2038 374 2084 vero
389 2017 429 2082 ad
445 2017 597 2082 desideria
622 2037 699 2101 quae
721 2019 753 2082 in
768 2019 938 2082 memorato
963 2017 1014 2082 hic
1038 2019 1158 2102 adjecto
1173 2020 1351 2102 exemplari
1378 2041 1456 2085 333-

188 2107 338 2182 tinentur,
362 2105 394 2169 33
407 2105 589 2188 praesertim
605 2123 641 2169 33
656 2122 733 2186 quae
750 2103 928 2186 panduntur
942 2110 1084 2187 respectu
1099 2105 1233 2169 Articuli
1252 2105 1307 2169 IV.
1328 2105 1455 2171 Sancta

190 2192 303 2269 Sedes,
323 2189 413 2274 juxta
434 2209 549 2274 preces,
571 2208 648 2273 quae
679 2190 717 2254 ab
732 2189 891 2272 Episcopis
913 2190 1039 2272 Imperii
1057 2191 1214 2255 Austriaci
1238 2191 1454 2276 porrigantur

189 2296 316 2364 pronam
345 2295 411 2340 3333
439 2275 594 2340 exhibebit
620 2275 806 2340 concedendi
834 2275 1016 2354 facultates,
1046 2295 1124 2360 quae
1149 2295 1203 2360 pro
1232 2277 1452 2343 celebratione

201 2365 282 2450 Syno
291 2361 323 2426 di
343 2362 550 2429 Dioecesanao
571 2361 721 2445 Episcopo
746 2361 908 2426 Leodiensi
929 2380 1088 2427 concessae
1120 2363 1261 2439 inerunt,
1296 2365 1450 2441 mutatis

190 2469 270 2535 quas
294 2468 348 2532 pro
377 2449 679 2514 circumstantiarum
703 2449 734 2512 33
755 2447 891 2512 locorum
906 2447 1057 2514 333133333
1072 2450 1136 2514 3133
1150 2448 1310 2513 mutanda.

297 2553 408 2624 Relato
430 2569 501 2617 vero
528 2551 567 2616 ad
589 2553 659 2616 Art.
683 2550 786 2616 XXII.
818 2550 974 2616 Sanctitas
997 2551 1060 2616 Sua
1082 2552 1114 2616 in
1134 2551 1319 2617 conferenda
1341 2555 1448 2635 prima

196 2638 352 2722 dignitate
378 2637 588 2702 Ecclesiarnm
613 2637 922 2719 Metropolitanarum
948 2639 980 2702 et
1013 2637 1258 2720 Episcopalium,
1287 2639 1448 2705 rationem

193 2725 323 2790 habebit
346 2723 632 2802 commendationis,
657 2742 749 2806 qnam
771 2722 1020 2806 Angustissimus
1035 2725 1206 2806 Imperator
1222 2725 1366 2789 consulto
1383 2727 1448 2790 sin-

192 2811 275 2896 gulis
289 2810 322 2874 in
338 2809 460 2874 casibus
474 2807 627 2874 Antistite
644 2809 835 2874 Dioecesano
851 2807 883 2872 33
907 2810 1036 2874 servatis
1059 2810 1215 2876 servandis
1239 2809 1281 2874 sit
1302 2812 1445 2892 prolatu·
1515 2847 1517 2892 p

191 2915 254 2963 rus.
299 2895 386 2960 Idem
402 2895 515 2979 agendi
537 2896 646 2960 modus
674 2893 877 2960 adhibebitur
901 2895 983 2958 cirea
1005 2897 1247 2962 nominationem
1269 2895 1310 2960 ad
1332 2915 1444 2962 secun·
1515 2895 1517 2974 ξ

192 2984 282 3061 dam,
313 2981 500 3065 dignitatem
534 2981 671 3064 Capituli
701 2980 906 3060 Goriciensis,
941 2999 1012 3045 cnm
1050 2984 1081 3045 1ι
1110 2983 1290 3066 patronatus
1318 2982 1441 3048 laicalis
1515 2987 1517 2992 ’

194 3068 308 3156 privati
323 3069 372 3133 313.
1252 3063 1254 3078 “

296 3173 333 3237 13
355 3170 538 3237 conferenda
560 3171 665 3236 autem
686 3171 787 3253 prima
810 3171 964 3256 dignitate
980 3170 1194 3254 Oapitulorum
1217 3169 1383 3254 Pragensis
1405 3175 1436 3236 33
1516 3231 1517 3234 ,

195 3259 407 3326 Olomucensis
434 3257 591 3323 Sanctitas
617 3256 680 3321 Sua
705 3257 854 3323 rationem
882 3257 1009 3322 habebit
1032 3257 1320 3334 commendationis,
1343 3267 1434 3338 quam
1515 3235 1517 3322 l

194 3345 452 3428 Archiepiscopus
468 3345 500 3408 et
516 3342 695 3426 Capitulum
710 3342 984 3426 Metropolitanum
999 3343 1059 3426 ipsi
1073 3343 1270 3408 exhibebunt.
1515 3345 1516 3348 ’

298 3450 358 3513 Pro
377 3448 416 3512 iis
438 3447 558 3524 autem,
581 3465 657 3529 quae
681 3463 863 3510 concursum
877 3445 1086 3529 parochialem
1111 3446 1292 3528 respiciunt,
1315 3445 1350 3510 de
1370 3465 1429 3528 quo

195 3537 228 3601 in
243 3535 313 3600 Art.
336 3534 449 3598 XXIV.
477 3531 592 3598 Sancta
618 3531 711 3597 Sedes
734 3551 848 3608 corum,
877 3551 955 3613 quae
970 3533 1107 3615 exposita
1129 3533 1202 3596 sunt
1228 3531 1266 3596 de
1298 3533 1429 3614 praefato

196 3632 345 3687 concursu
375 3621 407 3684 et
436 3617 694 3684 examinatoribus
721 3617 934 3704 Synodalibus‚
964 3620 1115 3684 rationem
1137 3618 1284 3696 habebit,
1315 3619 1426 3700 quando
1515 3631 1517 3708 g

196 3708 339 3792 Episcopi
360 3705 604 3790 provinciarum,
633 3704 687 3768 nbi
708 3723 758 3770 res
780 3703 949 3789 indigitato
971 3705 1061 3770 modo
1083 3705 1305 3788 pertractetur,
1329 3723 1426 3788 propo·
1515 3737 1517 3788 p

197 3794 324 3859 sitiones
340 3811 411 3859 suas
427 3792 623 3857 exhibebunt.
949 3851 952 3861 ,
1515 3793 1517 3876 l

299 3896 417 3961 Notum
442 3893 521 3959 mihi
546 3895 610 3973 est,
634 3895 820 3978 quantopere
845 3892 1005 3976 Majestati
1033 3894 1112 3961 Suae
1139 3893 1423 3978 Caesareo-Regiae

115 3994 116 3998 ’
198 3982 283 4048 cordi
309 3982 361 4061 sii,
383 3981 420 4046 nt
446 4000 481 4046 33
503 3982 591 4065 parte
613 3979 744 4046 Sanctae
771 3977 858 4044 Sedis
882 3998 919 4043 33
941 3982 1112 4046 executioni
1136 3980 1331 4053 mandentur,
1356 4001 1424 4062 quaa

199 4069 334 4135 aetatem
363 4068 488 4132 illorum
513 4067 698 4152 respiciunt,
727 4065 780 4149 qui
806 4065 845 4130 ad
870 4067 942 4131 vota
965 4067 1113 4133 solemnia
1142 4068 1174 4132 in
1200 4066 1349 4130 Austriaa.
1367 4085 1424 4131 mo-

199 4153 342 4220 nasteriis
365 4153 491 4218 admitti
513 4153 628 4231 velint3
651 4153 711 4218 hao
732 4153 765 4216 in
786 4171 820 4216 33
841 4151 921 4217 illud
943 4152 1099 4218 declarare
1121 4153 1199 4218 mihi
1224 4152 1314 4230 licet,
1342 4153 1423 4217 rerba

200 4240 336 4306 Articuli
360 4239 462 4304 XXII.
490 4241 521 4305 33
541 4243 639 4323 juata
659 4239 793 4307 Sanctae
813 4238 906 4304 Sedis
929 4243 1200 4322 praescriptiones
1229 4239 1275 4302 ita
1297 4257 1356 4302 3333
1376 4258 1422 4302 su·

200 4327 321 4407 menda,
350 4327 387 4392 ut
419 4325 541 4391 decreto
567 4326 677 4392 Sacrae
704 4324 959 4409 Congregationis
988 4325 1026 4390 de
1052 4327 1137 4391 statu
1157 4325 1352 4409 Regularium
1379 4324 1421 4389 die

200 4417 250 4480 23.
273 4411 462 4496 Septembris
484 4413 556 4477 anni
585 4414 666 4477 1853
689 4411 722 4476 13
744 4411 877 4494 Imperio
895 4409 1060 4478 Austriaoo
1080 4413 1122 4476 sit
1144 4411 1420 4493 satisfactumque

201 4500 325 4582 quidem
348 4498 507 4564 desideriis
528 4497 703 4582 Majestatis
726 4497 805 4562 Suae
829 4497 910 4562 circa
925 4499 1060 4568 aetatem
1077 4499 1213 4576 illorum,
1236 4497 1288 4582 qui
1310 4496 1345 4560 ad
1360 4516 1420 4578 pro-

201 4587 362 4653 fessionem
383 4585 561 4670 religiosam
583 4585 690 4652 volunt
713 4583 849 4664 admitti,
871 4583 908 4650 fit
929 4583 1015 4649 satis.
1182 4584 1185 4588 ’
