3170 5128
366 237 426 294 Pius
443 243 482 295 lx.
502 254 536 295 an
554 241 645 296 Kaisar
663 241 807 294 Alexander
825 243 852 294 ll.
872 253 913 292 arn
932 241 957 293 9.
977 243 1043 304 April
1066 228 1139 294 1855.
1301 227 1372 300 115

133 429 269 496 moerori
291 431 388 497 Nobis
409 430 469 495 luit
492 431 751 514 praestantissimi
773 428 970 512 Imperatoris
992 429 1103 508 obitus,
1128 429 1181 511 qui
1197 427 1375 495 amicabiles

135 553 213 617 erga
228 533 292 598 Nos
308 552 413 599 sensus
437 535 613 605 constanter
627 534 713 613 levit,
737 554 772 598 ac
794 531 1015 618 benignissime
1032 551 1086 615 pro
1101 551 1133 596 re
1149 535 1224 598 nata
1238 551 1376 617 compro·

132 637 234 702 bavit.
281 636 358 702 Cum
385 640 492 704 autem
514 657 655 722 supremo
680 639 764 703 vitae
791 638 823 702 et
848 636 958 702 mortis
984 635 1116 702 Domino
1142 637 1187 702 ita
1213 637 1374 720 placuerit,

130 741 203 806 Nos
219 740 341 805 divinae
355 742 564 836 providentiae
585 743 705 807 decreta
722 742 864 826 religiose
880 741 1028 819 venerari,
1051 740 1149 823 iisque
1165 759 1269 804 omues
1286 741 1374 808 affec·
1438 731 1442 746 ’

134 847 190 908 tus
212 845 370 910 exanimo
392 846 543 930 subjicere
568 845 723 912 debemus.
769 847 814 910 Ac
836 865 889 928 pro
910 845 993 910 certo
1016 845 1181 921 habemus,
1205 843 1278 906 huic
1301 863 1375 926 erga

134 949 240 1014 Deum
263 939 362 1014 officio
375 950 442 1032 jam
459 951 502 1016 Te
518 951 711 1030 satisfecisse,
734 969 825 1034 quern
847 950 983 1014 omnium
1000 950 1181 1015 Russiarum
1204 948 1374 1030 Imperato-

135 1073 205 1118 rem
227 1072 263 1117 ao
284 1053 429 1119 Poloniae
449 1055 578 1139 Regem,
602 1057 634 1120 et
655 1053 835 1120 Finlandiae
857 1055 973 1118 Ducem
997 1054 1081 1119 hisce
1096 1053 1223 1117 Litteris
1243 1052 1381 1117 salutare

135 1157 338 1222 vehementer
353 1158 534 1242 gaudemus.
581 1159 677 1224 Plane
693 1160 798 1224 autem
821 1176 882 1222 non
897 1157 1086 1236 dubitamus,
1109 1158 1183 1240 quin
1207 1156 1266 1220 Tui
1289 1155 1383 1221 Geni-

130 1262 215 1336 vtoris
232 1281 387 1326 successor
403 1263 434 1326 et
450 1263 538 1326 heres
555 1264 677 1328 tuturus
695 1263 736 1328 sis
752 1263 1021 1346 amplissimarum,
1044 1281 1122 1346 quae
1139 1262 1210 1326 Tibi
1226 1263 1382 1346 subjectae

135 1367 212 1430 sunt
228 1365 390 1430 nationum
406 1385 466 1432 non
488 1367 554 1430 tam
568 1367 740 1450 Imperator
763 1387 856 1451 quam
872 1369 976 1446 Pater,
1000 1386 1078 1449 quae
1100 1386 1221 1431 summa
1238 1369 1383 1451 Regnan-

135 1473 220 1536 tium
236 1471 304 1535 laus
320 1471 431 1534 merito
450 1471 655 1536 existimatur.
700 1471 899 1554 Exposcimus
924 1491 994 1536 vcro
1022 1471 1077 1535 abs
1103 1471 1156 1550 Tc,
1180 1474 1215 1534 ut
1243 1470 1383 1536 eamdem
1415 1455 1418 1462 ’

136 1593 214 1659 erga
230 1573 296 1638 Nos
311 1565 563 1638 'benevolentiam
586 1575 693 1640 haberi
719 1575 790 1640 Tibi
809 1575 939 1658 placeat,
963 1595 1024 1658 qua
1045 1562 1215 1658 Imperator
1237 1575 1383 1638 Nicolaus

136 1680 202 1744 Nos
219 1678 469 1762 prosequebatur.
504 1678 606 1760 Atque
623 1679 694 1742 huic
707 1678 839 1742 Nostrae
855 1678 1057 1760 postulationi
1073 1677 1250 1760 gratissime
1265 1695 1383 1742 rnorem

146 1803 240 1867 geres,
257 1783 284 1846 si
300 1782 467 1847 catholicos
482 1783 608 1866 populos
628 1782 698 1846 Tibi
715 1781 878 1864 subjectos,
900 1782 997 1846 veluti
1013 1781 1128 1864 majore
1144 1800 1206 1863 qua
1222 1799 1383 1862 possumus

142 1887 239 1952 animi
254 1886 362 1969 Nostri
377 1886 604 1950 contentionsa
628 1885 794 1968 Majestate
811 1885 877 1949 Tua
898 1877 1117 1970 efflagitamus,
1142 1885 1328 1950 anctoritate
1351 1885 1383 1948 ct

138 1989 313 2074 patrocinio
330 1990 396 2053 Tne
419 1989 550 2066 munias,
574 2008 609 2053 ao
632 1990 757 2054 tuearis.
802 1988 862 2054 Sed
884 1989 922 2052 ab
945 1986 1103 2072 imperiali
1124 1987 1290 2070 lllajcstate
1315 1987 1383 2052 Tua

138 2111 311 2178 propensae
328 2111 400 2176 erga
415 2091 480 2156 Nos
502 2093 670 2157 voluntatis
692 2094 804 2177 pignus
825 2093 891 2176 jam
913 2093 1066 2174 accepisse
1088 2091 1160 2156 inde
1184 2092 1382 2174 argumenta-

139 2219 223 2276 mur,
246 2195 325 2280 quod
343 2197 504 2280 egregium
519 2198 620 2260 virum
636 2197 768 2280 equitem
786 2197 823 2260 de
839 2197 1005 2261 Bouteneff
1023 2216 1040 2260 a
1064 2195 1138 2260 Tuis
1161 2195 1291 2278 privatis
1311 2214 1382 2260 con-

135 2302 219 2368 siliis
236 2301 388 2384 Legatum
405 2301 700 2380 Extraordinarium,
724 2303 756 2366 et
773 2301 951 2365 Ministrum
968 2295 1277 2382 Plenipotentiarium
1302 2301 1382 2382 apud

135 2407 205 2472 Nos
233 2402 333 2470 Tuum
367 2405 605 2470 confirmaveris.
658 2407 727 2488 lpse
757 2407 837 2470 enim
861 2405 1010 2470 hactenus
1040 2405 1085 2468 ita
1115 2423 1169 2468 suo
1187 2423 1313 2468 munere
1335 2405 1382 2468 est

136 2509 329 2594 perfunctus,
352 2511 387 2572 ut
411 2529 443 2573 se
459 2509 555 2574 Nobis
578 2530 762 2594 magnopere
784 2510 971 2592 probaverit,
996 2511 1026 2572 et
1048 2509 1138 2592 plane
1162 2527 1249 2572 carus
1272 2508 1380 2572 extite-

136 2615 191 2679 rit.
239 2612 387 2694 Quocirca
404 2614 432 2678 ei
447 2613 575 2696 posthac
591 2613 730 2678 eamdem
746 2614 838 2678 fidem
854 2613 1088 2696 praestabimus
1112 2631 1205 2694 quarn
1224 2610 1381 2692 hucusque

138 2714 349 2796 adhibuimus,
373 2717 405 2782 et
427 2737 519 2800 quam
542 2717 601 2800 ipsi
624 2737 641 2781 a
665 2718 708 2781 Te
730 2717 871 2782 adhiberi
894 2697 1087 2798 exoptamus,
1111 2716 1230 2798 quoties
1252 2716 1381 2780 Nostros

139 2841 216 2906 erga
246 2821 289 2885 Te
316 2817 440 2900 sensns,
472 2821 646 2904 Nostraque
674 2821 711 2885 de
742 2821 785 2885 Te
818 2819 1034 2889 benemerendi
1066 2819 1170 2882 studia
1204 2819 1380 2884 testabitur.

138 2925 281 3008 Denique
304 2923 378 2989 dum
403 2923 563 3008 Majestati
590 2925 675 2990 Tuae
700 2925 862 3008 imperium
891 2926 973 2990 omni
996 2944 1031 2988 ex
1052 2925 1140 3006 parte
1167 2923 1381 3002 laetissimum,

139 3029 428 3114 secretissimumque
460 3049 494 3093 ex
524 3029 625 3094 animo
652 3048 858 3114 auguramur,
897 3031 1045 3094 bonorum
1076 3026 1212 3092 omnium
1239 3025 1382 3108 largitori

76 3199 83 3206 ,
141 3135 207 3200 Deo
230 3133 454 3218 supplicamus,
478 3135 514 3198 ut
535 3133 731 3218 imperialem
754 3135 951 3220 Majestatem
975 3134 1074 3196 Tuam
1098 3131 1238 3196 omnibus
1261 3129 1381 3194 divinae

141 3258 215 3304 suae
231 3241 350 3322 gratiae
367 3239 453 3304 donis
470 3241 603 3318 exornet,
626 3239 821 3322 perfectaque
837 3239 1006 3304 Nobiscum
1024 3237 1154 3302 caritate
1171 3233 1348 3318 conjungat.

245 3343 362 3409 Datum
377 3345 492 3408 Romae
510 3344 590 3426 apud
606 3343 635 3410 S.
652 3345 783 3409 Petrum
798 3343 846 3408 die
863 3345 891 3408 9.
909 3343 1024 3424 Aprilis
1041 3360 1119 3406 anno
1138 3339 1231 3404 1855.
1273 3337 1382 3402 Ponti-

130 3447 253 3515 'fioatus
268 3449 375 3513 Nostri
390 3450 480 3514 Anno
496 3449 593 3514 Nono.
750 3471 755 3476 ·

1080 3547 1173 3613 runs
1196 3549 1259 3612 rr.
1283 3498 1350 3611 1ss

144 3801 193 3854 XL.
229 3799 454 3852 Verbalnctemit
476 3799 656 3862 erigenangter
679 3797 859 3860 nnmerkung,
884 3809 935 3848 von
960 3795 998 3846 Sr.
1025 3793 1143 3846 Eminenz
1168 3793 1226 3843 dem
1252 3789 1382 3842 cardinal·

144 3889 345 3940 Staatssecretdr
362 3889 464 3938 unterm
483 3886 524 3937 30.
542 3885 639 3936 linter
661 3885 724 3936 1856
751 3897 784 3934 an
803 3883 852 3934 den
872 3882 1024 3934 russisoben
1044 3880 1268 3940 cesenatesnoger
1282 3875 1383 3940 gerich-

144 3977 192 4038 tet,
212 3973 394 4026 verschiedsne
414 3967 526 4034 Punite,
539 3959 571 4022 ‘in
591 3971 676 4034 sezug
695 3971 740 4022 aui
758 3969 929 4021 denZustnnd
948 3967 1000 4020 und
1019 3967 1059 4018 die
1072 3966 1211 4025 nnsbbung
1231 3963 1276 4014 der
1292 3962 1383 4014 katho-

143 4061 243 4112 llsoben
261 4058 376 4120 Religion
393 4059 418 4108 in
438 4057 487 4109 den
506 4057 623 4110 Lentem
641 4059 685 4108 des
705 4057 809 4108 Kaisers
827 4053 981 4108 betreffend.
1019 4049 1065 4120 [lm
1086 4051 1197 4113 original
1218 4045 1381 4115 italienses]

248 4177 311 4240 Der
333 4175 448 4258 heilige
464 4173 565 4252 Stuhl,
588 4163 734 4257 benogen
749 4193 807 4238 von
822 4174 876 4237 der
890 4169 1214 4237 Verantwortliohlreit
1237 4169 1285 4233 fur
1300 4169 1383 4234 seina

145 4280 337 4367 geheiligten
352 4279 516 4357 Pflichton,
533 4280 614 4342 kann
638 4277 724 4340 nicht
740 4276 858 4353 umhin,
875 4275 924 4340 die
941 4275 1224 4340 Aufmerlrsamlrcit
1240 4275 1293 4339 der
1308 4275 1338 4339 k.
1351 4275 1382 4340 lr.

145 4383 322 4450 russischsn
336 4385 514 4469 Regierung
536 4383 592 4446 aul
611 4381 711 4464 einige
735 4379 950 4464 Gegensttnde
972 4399 1009 4442 zu
1035 4379 1154 4457 lenken,
1178 4379 1292 4444 welche
1318 4379 1384 4444 sich

113 4482 117 4487 ’
145 4490 204 4556 auf
215 4490 274 4554 den
296 4489 431 4552 Zustand
453 4481 516 4553 und
536 4487 584 4550 die
606 4487 777 4570 Ausdbung
800 4485 853 4549 der
869 4483 1083 4550 katholischen
1105 4485 1249 4568 Religion
1271 4485 1303 4547 in
1325 4483 1385 4548 den
1441 4495 1447 4508 '

146 4592 400 4684 umbngreicben
426 4590 575 4662 Gobieten
597 4589 644 4658 Sr.
664 4591 695 4658 k.
722 4575 752 4658 k'.
774 4590 922 4678 Majmttt
947 4589 1102 4669 berichem,
1126 4591 1189 4656 und
1208 4591 1240 4656 in
1264 4589 1323 4655 den
1345 4607 1383 4655 au

1129 4696 1149 4760 8
1162 4695 1179 4734 ’lt
